@book{Urner1952,
	Address = {Gottingen},
	Author = {Urner, Hans},
	Title = {Die ausserbiblische Lesung in Christlichen Gottesdienst},
	Year = {1952}
}

