%% This BibTeX bibliography file was created using BibDesk.
%% http://bibdesk.sourceforge.net/


%% Created for Maïeul at 2011-10-08 17:15:20 +0200 


%% Saved with string encoding Unicode (UTF-8) 



@bookinbook{ContraFelix,
	Author = {Augustin},
	Booktitle = {Six traités anti-manichéens},
	Date-Modified = {2011-10-08 17:15:19 +0200},
	Number = {17},
	Series = {Bibliothèque Augustinienne},
	Title = {Contra Felicem},
	Translator = {Régis Jolivet and Jourion, Maurice}}
