@book{Saxer1980,
	Author = {Victor Saxer},
	Entrysubtype = {etude},
	Location = {Paris},
	Publisher = {Beauchesne},
	Subtitle = {les témoignages de Tertullien, Cyprien et Augustin à la lumière de
	l'archéologie africaine},
	Title = {Morts, martyrs, reliques en Afrique chrétienne aux premier siècles},
	Year = {1980}}