%% This BibTeX bibliography file was created using BibDesk.
%% http://bibdesk.sourceforge.net/


%% Created for Maïeul at 2011-04-26 13:51:30 +0200 


%% Saved with string encoding Unicode (UTF-8) 



@bookinbook{AcPierretrad32,
	Crossref = {AcPierretrad},
	Date-Added = {2011-04-26 10:52:37 +0200},
	Date-Modified = {2011-04-26 10:53:26 +0200},
	Pages = {1104-1105},
	Titleaddon = {§ 32}}

@book{DeFideMan38,
	Crossref = {DeFideMan},
	Date-Added = {2011-04-26 00:49:38 +0200},
	Date-Modified = {2011-04-26 09:51:56 +0200},
	Pages = {968-969},
	Titleaddon = {38},
	Usera = {1}}

@book{DeFideMan5,
	Crossref = {DeFideMan},
	Date-Added = {2011-04-26 00:49:14 +0200},
	Date-Modified = {2011-04-26 09:51:29 +0200},
	Pages = {952-953},
	Titleaddon = {5},
	Usera = {1}}

@book{DeFideMan40,
	Crossref = {DeFideMan},
	Date-Added = {2011-04-26 00:48:35 +0200},
	Date-Modified = {2011-04-26 09:51:10 +0200},
	Pages = {970-971},
	Titleaddon = {40},
	Usera = {1}}

@book{Junod1982,
	Address = {Genève Lausanne Neuchâtel},
	Author = {Eric Junod and Jean-Daniel Kaestli},
	Date-Added = {2011-04-25 23:53:54 +0200},
	Date-Modified = {2011-04-26 00:53:14 +0200},
	Entrysubtype = {etude},
	Library = {CADP ZD3 108},
	Number = {7},
	Publisher = {Revue de théologie et de philosophie},
	Series = {Cahier de la revue de théologie et de philosophie},
	Subtitle = {Le cas des actes de Jean},
	Title = {L'histoire des actes apocryphes d'apôtres du III\textsuperscript{e} au IX\textsuperscript{e} siècle},
	Year = {1982}}

@book{ActesJean94-96,
	Annote = {Voir dans la lettre 237 d'Augustin	},
	Crossref = {ActesJean},
	Date-Added = {2011-04-21 17:10:02 +0200},
	Date-Modified = {2011-04-26 10:34:15 +0200},
	Pages = {198-207},
	Titleaddon = {94-96},
	Usera = {1}}

@book{ActesJean,
	Annote = {Voir dans la lettre 237 d'Augustin	},
	Date-Added = {2011-04-21 17:08:53 +0200},
	Date-Modified = {2011-04-26 12:00:52 +0200},
	Editor = {Jean-Daniel Kaestli and Eric Junod},
	Entrysubtype = {apocryphes},
	Number = {1},
	Series = {Corpus Christianorum Series Apocryphorum},
	Shortseries = {CCSA},
	Sortname = {0},
	Title = {Acta Iohannis},
	Translator = {Jean-Daniel Kaestli and Eric Junod},
	Usera = {1},
	Userb = {1}}

@book{DeDoctChr,
	Annotator = {Isabelle Bochet and Goulven Madec},
	Annote = {daté de 396 par Bonnadière

parmis lequels celles qui ont eu le privilège de recevoir le siège des apôtres -> il faudrait savoir ce qu'il en est à Rome ....},
	Author = {Augustin},
	Date-Added = {2011-04-20 16:22:33 +0200},
	Date-Modified = {2011-04-26 00:55:25 +0200},
	Editor = {Madeleine Moreau},
	Entrysubtype = {traite},
	Introduction = {Madeleine Moreau},
	Library = {ZB6/AUG/2/11b,2},
	Number = {11 / 2},
	Read = {1},
	Series = {Bibliothèque Augustinienne},
	Shortseries = {BA},
	Title = {De doctrina christiana},
	Translator = {Madeleine Moreau},
	Usera = {1}}

@book{ConciliaAfricae,
	Date-Added = {2011-04-14 17:59:44 +0200},
	Date-Modified = {2011-04-21 15:41:17 +0200},
	Editor = {Charles Munier},
	Entrysubtype = {concile},
	Number = {149},
	Series = {Corpus Christianorum Series Latina},
	Shortseries = {CCSL},
	Sortname = {0},
	Title = {Concilia Africae},
	Usera = {1},
	Userb = {1}}

@bookinbook{Carthage525,
	Crossref = {ConciliaAfricae},
	Date-Added = {2011-04-14 13:48:25 +0200},
	Date-Modified = {2011-04-25 23:38:42 +0200},
	Pages = {265},
	Subtitle = {Temporibus sancti aurelii concilio tertio. Inter Alia ad Locum},
	Title = {Concilium Carthaginenses A. 525},
	Titleaddon = {T},
	Usera = {1}}

@bookinbook{ApiariiC,
	Crossref = {ConciliaAfricae},
	Date-Added = {2011-04-14 13:44:03 +0200},
	Date-Modified = {2011-04-25 23:36:04 +0200},
	Pages = {141-142},
	Sortname = {0},
	Subtitle = {Secundum recensiones Dionysianas},
	Title = {Canones in cause Apiarii},
	Titleaddon = {24},
	Usera = {1}}

@bookinbook{ApiariiB,
	Crossref = {ConciliaAfricae},
	Date-Added = {2011-04-14 13:42:54 +0200},
	Date-Modified = {2011-04-25 23:35:26 +0200},
	Pages = {125-126},
	Subtitle = {Secundum collectionnes Italicas},
	Title = {Canones in cause Apiarii},
	Titleaddon = {29},
	Usera = {1}}

@bookinbook{ApiariiA,
	Crossref = {ConciliaAfricae},
	Date-Added = {2011-04-14 13:38:44 +0200},
	Date-Modified = {2011-04-25 23:34:53 +0200},
	Pages = {108},
	Subtitle = {Secundum codices Y, F, W, sylloges Massenianae dictae},
	Title = {Canones in cause Apiarii},
	Titleaddon = {24},
	Usera = {1}}

@book{AugustinSermo381,
	Author = {Augustin},
	Date-Added = {2011-04-12 14:26:46 +0200},
	Date-Modified = {2011-04-26 10:30:34 +0200},
	Entrysubtype = {sermon},
	Keywords = {P&P},
	Number = {39},
	Pages = {1683-1684},
	Pagination = {column},
	Series = {Patrologia Latina},
	Shortseries = {PL},
	Title = {Sermon 381},
	Sorttitle={Sermon 0381},
	Usera = {1}}

@article{Flamion1910,
	Annote = {p. 14 : Augustin connaissait la tradition Verceil.
p. 12 sur la question même jour

p. 11 : Textes plus anciens de Rome font mourir P&P le même jour. Notamment Jérôme.

le Ps Marcellus mentionne P&P à la même date, mais aussi la chute de Simon le Magicien

aussi p. 675-692},
	Author = {Joseph Flamion},
	Date-Added = {2011-04-12 13:53:11 +0200},
	Date-Modified = {2011-04-14 19:04:10 +0200},
	Entrysubtype = {etude},
	Journal = {Revue d'histoire écclésiastique},
	Pages = {5-28},
	Subtitle = {Histoire littéraire des actes de Pierre},
	Title = {Les actes apocryphes de Pierre},
	Volume = {11},
	Year = {1910}}

@bookinbook{ApPaultrad,
	Address = {Paris},
	Annotator = {Claude-Claire Kappler and René Kappler},
	Booktitle = {Écrits apocryphes chrétiens},
	Date-Added = {2011-03-19 14:27:54 +0100},
	Date-Modified = {2011-04-26 12:02:13 +0200},
	Entrysubtype = {apocryphes},
	Keywords = {thomas},
	Pages = {787-826},
	Publisher = {Gallimard},
	Series = {Bibliothèque de la Pléiade},
	Sortname = {0},
	Title = {Apocalypse de Paul},
	Translator = {Claude-Claire Kappler and René Kappler},
	Usera = {1},
	Userb = {1},
	Volume = {1},
	Year = {1997}}

@bookinbook{ContraFelix,
	Annote = {p. 321.},
	Author = {Augustin},
	Booktitle = {Six traités anti-manichéens},
	Date-Added = {2011-03-15 17:05:35 +0100},
	Date-Modified = {2011-04-26 12:00:24 +0200},
	Editor = {Régis Jolivet and Jourion, Maurice},
	Entrysubtype = {traite},
	Library = {Cd63/17 CADP : ZB6/AUG/2/17},
	Number = {17},
	Pages = {712-715},
	Read = {1},
	Series = {Bibliothèque Augustinienne},
	Shortseries = {BA},
	Title = {Contre Felicem},
	Titleaddon = {II, 6},
	Translator = {Régis Jolivet and Jourion, Maurice},
	Usera = {1}}

@article{Mimouni1993,
	Author = {Simon Claude Mimouni},
	Date-Added = {2011-03-15 16:51:16 +0100},
	Date-Modified = {2011-03-19 17:03:25 +0100},
	Entrysubtype = {etude},
	Journal = {Orientalia Christiana Periodica},
	Pages = {403-425},
	Title = {La lecture liturgique et les apocryphes du nouveau testament : le cas de la dormition du Pseudo-Jean},
	Userb = {1},
	Volume = {59},
	Year = {1993}}

@incollection{datationlettres,
	Address = {Paris},
	Author = {Robert Eno},
	Booktitle = {Encyclopédie Saint Augustin},
	Date-Added = {2011-03-15 15:12:47 +0100},
	Date-Modified = {2011-03-19 17:00:59 +0100},
	Entrysubtype = {outil},
	Pages = {852-866},
	Publisher = {Cerf},
	Title = {Lettres},
	Userb = {1},
	Year = {2005}}

@inproceedings{Prieur1988,
	Address = {Berlin},
	Author = {Jean-Marc Prieur},
	Booktitle = {Aufstieg und Niedergang der römischen Welt},
	Date-Added = {2011-03-15 15:07:42 +0100},
	Date-Modified = {2011-03-19 15:32:57 +0100},
	Editor = {Haase, Wolfgang},
	Entrysubtype = {etude},
	Pages = {4382-4414},
	Publisher = {Walter de Gruyter},
	Title = {Les actes apocryphes de l'apôtre André : Présentation des diverses traditions apocryphes et état de la question},
	Volume = {25.6},
	Year = {1988}}

@inbook{DeDoctChrintro,
	Author = {Madeleine Moreau},
	Bookauthor = {Augustin},
	Booktitle = {De doctrina christiana},
	Date-Added = {2011-03-15 14:52:31 +0100},
	Date-Modified = {2011-04-26 13:32:39 +0200},
	Entrysubtype = {etude},
	Number = {11 / 2},
	Pages = {9-62},
	Series = {Bibliothèque Augustinienne},
	Shortseries = {BA},
	Title = {Introduction},
	Usera = {0},
	Userb = {1}}

@bookinbook{testamentjoseph,
	Address = {Paris},
	Booktitle = {La Bible : Écrits intertestamentaires},
	Date-Added = {2011-03-14 17:52:39 +0100},
	Date-Modified = {2011-04-26 13:39:23 +0200},
	Entrysubtype = {apocryphes},
	Keywords = {sybille},
	Pages = {920-934},
	Publisher = {Gallimard},
	Series = {Bibliothèque de la Pléiade},
	Sortname = {0},
	Title = {Testament de Joseph},
	Translator = {Marc Philonenko},
	Usera = {1},
	Year = {1987}}

@inbook{Philonenko1960,
	Address = {Paris},
	Author = {Marc Philonenko},
	Booktitle = {Les interpolations chrétiennes des testaments des douze patriarches et les manuscrits de Qoumrân},
	Date-Added = {2011-03-14 17:47:44 +0100},
	Date-Modified = {2011-03-19 16:22:08 +0100},
	Entrysubtype = {etude},
	Pages = {50-58},
	Publisher = {Presse Universitaire de France},
	Title = {Joseph},
	Usera = {0},
	Year = {1960}}

@inbook{Saxer1994,
	Address = {Turhnout},
	Author = {Victor Saxer},
	Booktitle = {Hagiographies},
	Date-Added = {2011-03-14 17:26:36 +0100},
	Date-Modified = {2011-03-19 17:03:58 +0100},
	Editor = {Guy Philippart},
	Entrysubtype = {etude},
	Pages = {25-95},
	Publisher = {Brepols},
	Title = {Afrique Latine},
	Usera = {0},
	Volume = {1},
	Year = {1994}}

@bookinbook{PsClement,
	Booktitle = {Écrits apocryphes chrétiens},
	Date-Added = {2011-03-14 16:33:55 +0100},
	Date-Modified = {2011-04-20 19:49:01 +0200},
	Entrysubtype = {apocryphes},
	Pages = {1175-2003},
	Publisher = {Gallimard},
	Series = {Bibliothèque de la Pléiade},
	Sortname = {0},
	Title = {Roman pseudo-clémentin},
	Usera = {1},
	Volume = {2},
	Year = {2006}}

@bookinbook{AcPierretrad,
	Address = {Paris},
	Annotator = {Gérard Poupon},
	Booktitle = {Écrits apocryphes chrétiens},
	Date-Added = {2011-03-14 16:28:40 +0100},
	Date-Modified = {2011-04-26 11:50:27 +0200},
	Entrysubtype = {apocryphes},
	Pages = {1054-1105},
	Publisher = {Gallimard},
	Series = {Bibliothèque de la Pléiade},
	Sortname = {0},
	Title = {Actes de l'apôtre Pierre et de Simon},
	Translator = {Gérard Poupon},
	Usera = {1},
	Volume = {1},
	Year = {1997}}

@inbook{Dracontiusintro,
	Author = {Claude Moussy and Colette Camus},
	Bookauthor = {Dracontius},
	Booktitle = {Oeuvres},
	Date-Added = {2011-03-14 15:54:33 +0100},
	Date-Modified = {2011-03-19 17:13:01 +0100},
	Entrysubtype = {etude},
	Pages = {11-143},
	Publisher = {Belles Lettres},
	Series = {Collection des Universités de France, Série Latine},
	Title = {Introduction},
	Usera = {0},
	Userb = {1},
	Volume = {1},
	Year = {1985}}

@article{Ganz2004,
	Author = {David Ganz},
	Date-Added = {2011-03-14 15:42:02 +0100},
	Date-Modified = {2011-03-19 15:24:05 +0100},
	Entrysubtype = {etude},
	Journal = {Annales de Bretagne et des Pays de l'Ouest},
	Number = {3},
	Pages = {387-391},
	Title = {Le \emph{De Laude Dei} d’Alcuin},
	Volume = {111},
	Year = {2004}}

@inbook{IntroMarie,
	Author = {Rita Beyers},
	Booktitle = {Libri de Nativitate Mariae},
	Date-Added = {2011-03-14 15:03:02 +0100},
	Date-Modified = {2011-04-18 17:16:35 +0200},
	Entrysubtype = {etude},
	Number = {9},
	Pages = {1-34},
	Series = {Corpus Christianorum Series Apocryphorum},
	Shortseries = {CCSA},
	Title = {Introduction générale aux deux textes étudiées}}

@inproceedings{Poupon1988,
	Address = {Berlin},
	Author = {Gérard Poupon},
	Booktitle = {Aufstieg und Niedergang der römischen Welt},
	Date-Added = {2011-03-14 11:36:58 +0100},
	Date-Modified = {2011-03-15 15:09:25 +0100},
	Editor = {Haase, Wolfgang},
	Entrysubtype = {etude},
	Pages = {4361-4383},
	Publisher = {Walter de Gruyter},
	Title = {Les \enquote{Actes de Pierre} et leur remaniement},
	Volume = {25.6},
	Year = {1988}}

@article{Junod1992,
	Author = {Eric Junod},
	Date-Added = {2011-03-13 00:17:15 +0100},
	Date-Modified = {2011-03-19 17:01:36 +0100},
	Entrysubtype = {etude},
	Journal = {Apocrypha},
	Pages = {17-46},
	Title = {\enquote{Apocryphes du Nouveau Testament} : une appelation erronée et une collection artificiel},
	Volume = {3},
	Year = {1992}}

@bookinbook{ActesAndre,
	Address = {Leipzig},
	Annotator = {Max Bonnet},
	Booktitle = {Acta apostolorum apocrypha},
	Date-Added = {2011-03-12 23:18:13 +0100},
	Date-Modified = {2011-04-26 10:51:00 +0200},
	Editor = {Max Bonnet},
	Entrysubtype = {apocryphes},
	Pages = {38-45},
	Sortname = {0},
	Title = {Actes d'André},
	Usera = {1},
	Volume = {II, 1},
	Year = {1898}}

@inbook{ApEtienne,
	Address = {Bruxelles},
	Booktitle = {Bibliotheca hagiographica latina},
	Date-Added = {2011-03-11 11:16:58 +0100},
	Date-Modified = {2011-04-20 19:50:55 +0200},
	Entrysubtype = {outil},
	Pages = {7850-7856},
	Pagination = {none},
	Publisher = {{Société des Bollandistes}},
	Sortname = {0},
	Title = {Revelatio Sancti Stephani},
	Usera = {0},
	Userb = {1},
	Year = {1898-1901}}

@bookinbook{Braga,
	Booktitle = {Concilios Visigóticos e hispono-romanos},
	Date-Added = {2011-03-03 14:29:39 +0100},
	Date-Modified = {2011-04-21 16:40:10 +0200},
	Editor = {José Vives},
	Entrysubtype = {concile},
	Pages = {102},
	Publisher = {Consejo superior de investigaciones cientlífcas},
	Sortname = {0},
	Title = {Concile de Braga II},
	Titleaddon = {Canon 26},
	Type = {concile},
	Usera = {1},
	Year = {1963}}

@book{Rose2009,
	Address = {Boston},
	Author = {Els Rose},
	Date-Added = {2011-03-02 15:25:35 +0100},
	Date-Modified = {2011-03-19 15:25:53 +0100},
	Entrysubtype = {etude},
	Publisher = {Brill},
	Subtitle = {the apocryphal acts and liturgical commemoration in the early medieval West, c. 500-1215},
	Title = {Ritual memory},
	Year = {2009}}




@book{ProtoJc,
	Address = {Bruxelles},
	Annotator = {de Strycker, Émile},
	Date-Added = {2011-02-26 23:45:46 +0100},
	Date-Modified = {2011-04-20 19:49:07 +0200},
	Editor = {de Strycker, Émile},
	Entrysubtype = {apocryphes},
	Publisher = {Société des Bollandistes},
	Sortname = {0},
	Title = {La forme la plus ancienne du protévangile de Jacques},
	Usera = {1},
	Year = {1961}}

@book{InPsalmos,
	Author = {Augustin},
	Date-Added = {2011-02-26 23:39:56 +0100},
	Date-Modified = {2011-04-26 11:12:03 +0200},
	Editor = {Eligius Dekkers and Iohannes Fraipont},
	Entrysubtype = {sermon},
	Number = {38-40},
	Series = {Corpus Christianorum Series Latina},
	Shortseries = {CCSL},
	Sorttitle = {Psalmos},
	Title = {Enarrationes in Psalmos},
	Usera = {1},
	Userb = {1}}

@book{Tractati,
	Annotator = {Marie-François Berrouard},
	Author = {Augustin},
	Date-Added = {2011-02-26 23:37:10 +0100},
	Date-Modified = {2011-04-18 16:37:08 +0200},
	Entrysubtype = {sermon},
	Number = {71-75},
	Series = {Bibliothèque Augustinienne},
	Shortseries = {BA},
	Sorttitle = {Homelie},
	Title = {Homélies sur l'Évangile de Jean},
	Translator = {Marie-François Berrouard},
	Usera = {1},
	Userb = {1}}

@book{RepLatin,
	Address = {Freiburg},
	Author = {Roger Gryson},
	Date-Added = {2011-02-26 23:30:32 +0100},
	Date-Modified = {2011-03-19 17:02:30 +0100},
	Entrysubtype = {outil},
	Publisher = {Herder},
	Title = {Répertoire général des auteurs ecclésiastiques latins de l'Antiquité et du haut Moyen Âge},
	Userb = {1},
	Volumes = {2},
	Year = {2007}}

@url{LLTA,
	Date-Added = {2011-02-26 23:24:16 +0100},
	Date-Modified = {2011-04-20 19:49:41 +0200},
	Entrysubtype = {outil},
	Publisher = {Brepols},
	Title = {Library of Latin Text},
	Url = {http://clt.brepolis.net/llta},
	Userb = {1},
	Bdsk-Url-1 = {http://clt.brepolis.net/llta}}

@inbook{Bonnardiere1986,
	Address = {Paris},
	Author = {La Bonnardière, Anne-Marie},
	Booktitle = {Saint Augustin et la Bible},
	Date-Added = {2011-02-26 23:04:34 +0100},
	Date-Modified = {2011-03-19 15:32:13 +0100},
	Editor = {La Bonnardière, Anne-Marie},
	Entrysubtype = {etude},
	Pages = {287-301},
	Publisher = {Beauchesne},
	Title = {Le canon des divines Écritures},
	Year = {1986}}

@bookinbook{ActesThomastrad,
	Addendum = {p. 1335 et 1338},
	Address = {Paris},
	Annotator = {Paul-Hubert Poirier and Yves Tissot},
	Booktitle = {Écrits apocryphes chrétiens},
	Date-Added = {2011-02-24 17:38:11 +0100},
	Date-Modified = {2011-04-26 10:58:01 +0200},
	Entrysubtype = {apocryphes},
	Keywords = {thomas},
	Publisher = {Gallimard},
	Series = {Bibliothèque de la Pléiade},
	Sortname = {0},
	Title = {Actes de Thomas},
	Titleaddon = {VI, 1 ; VIII, 3},
	Translator = {Paul-Hubert Poirier and Yves Tissot},
	Usera = {1},
	Volume = {1},
	Year = {1997}}

@article{Munier1972a,
	Author = {Charles Munier},
	Date-Added = {2011-02-24 15:33:44 +0100},
	Date-Modified = {2011-04-04 19:17:10 +0200},
	Entrysubtype = {etude},
	Journal = {Revue des Études Augustiniennes},
	Pages = {249-259},
	Title = {Vers une édition nouvelle des Conciles Africains (345-525)},
	Volume = {3-4},
	Year = {1972}}

@article{Leroy1999,
	Author = {François Leroy},
	Date-Added = {2011-02-22 21:14:01 +0100},
	Date-Modified = {2011-03-19 15:24:32 +0100},
	Entrysubtype = {etude},
	Journal = {Recherches Augustiniennes},
	Pages = {149-217},
	Title = {Les 22 inédits de la catéchèse donatiste de Vienne},
	Volume = {31},
	Year = {1999}}



@inbook{Libellusintro,
	Annote = {pas le titre exacte},
	Author = {Rita Beyers},
	Booktitle = {Libri de Nativitate Mariae},
	Date-Added = {2011-02-22 15:54:26 +0100},
	Date-Modified = {2011-04-26 13:34:42 +0200},
	Entrysubtype = {etude},
	Keywords = {annonciation, apocryphe},
	Number = {10},
	Pages = {35-266},
	Series = {Corpus Christianorum Series Apocryphorum},
	Shortseries = {CCSA},
	Title = {La traduction textuelle du \emph{Libellus de Nativitate Sanctae Mariae}},
	Usera = {0}}

@book{PsMt,
	Annotator = {Jan Gijsel},
	Date-Added = {2011-02-22 15:49:39 +0100},
	Date-Modified = {2011-04-20 19:48:57 +0200},
	Editor = {Jan Gijsel},
	Entrysubtype = {apocryphes},
	Keywords = {annonciation, apocryphe},
	Number = {9},
	Series = {Corpus Christianorum Series Apocryphorum},
	Shortseries = {CCSA},
	Sortname = {0},
	Title = {Pseudo-Matthei Evangelium},
	Translator = {Jan Gijsel},
	Usera = {1}}

@inbook{PsMtintro,
	Annote = {pas le titre exacte},
	Author = {Jan Gijsel},
	Booktitle = {Libri de Nativitate Mariae},
	Date-Added = {2011-02-22 15:48:47 +0100},
	Date-Modified = {2011-03-19 16:18:12 +0100},
	Entrysubtype = {etude},
	Keywords = {annonciation, apocryphe},
	Number = {9},
	Pages = {35-275},
	Series = {Corpus Christianorum Series Apocryphorum},
	Shortseries = {CCSA},
	Title = {Introductions au Pseudo-Matthieu},
	Usera = {0}}

@book{Libellus,
	Date-Added = {2011-02-22 15:45:26 +0100},
	Date-Modified = {2011-04-20 19:45:47 +0200},
	Editor = {Rita Beyers},
	Entrysubtype = {apocryphes},
	Keywords = {annonciation, apocryphe},
	Number = {10},
	Series = {Corpus Christianorum Series Apocryphorum},
	Shortseries = {CCSA},
	Sortname = {0},
	Title = {Libellus de Nativitate Sanctae Mariae},
	Translator = {Rita Beyers},
	Usera = {1}}

@book{Frede1995,
	Address = {Freiburg},
	Author = {Hermann Josef Frede},
	Date-Added = {2011-02-22 15:43:02 +0100},
	Date-Modified = {2011-03-19 15:26:17 +0100},
	Entrysubtype = {outil},
	Publisher = {Herder},
	Subtitle = {Verzeichnis und Sigel},
	Title = {Kirchenschrifsteller},
	Year = {1995}}

@book{Scheffzyck1959,
	Address = {Erfurt-Leipzig},
	Author = {Leo Scheffzyck},
	Date-Added = {2011-02-22 15:32:48 +0100},
	Date-Modified = {2011-04-25 23:45:37 +0200},
	Entrysubtype = {etude},
	Publisher = {St. Benno-Verlag},
	Title = {Das Mariengeheimnis in Frömmigkeit une Lehre der Karolingerzeit},
	Year = {1959}}



@book{Sion,
	Author = {Pseudo-Cyprien},
	Date-Added = {2011-02-21 16:21:13 +0100},
	Date-Modified = {2011-04-26 11:40:46 +0200},
	Entrysubtype = {sermon},
	Number = {4},
	Pages = {911-912},
	Pagination = {column},
	Series = {Patrologia Latina},
	Shortseries = {PL},
	Title = {De montibus Sina et Sion},
	Titleaddon = {4},
	Usera = {1}}

@book{oracles,
	Address = {Leipzig},
	Annotator = {Johan Geffcken},
	Date-Added = {2011-02-21 15:57:30 +0100},
	Date-Modified = {2011-04-20 19:49:25 +0200},
	Editor = {Johan Geffcken},
	Entrysubtype = {apocryphes},
	Keywords = {sybille},
	Publisher = {J. C. Hinrichs'sche Buchhandlung},
	Sortname = {0},
	Title = {Oracula Sibyllina},
	Usera = {1},
	Year = {1902}}

@bookinbook{oraclestrad,
	Address = {Paris},
	Booktitle = {La Bible : Écrits intertestamentaires},
	Date-Added = {2011-02-21 15:40:34 +0100},
	Date-Modified = {2011-04-26 11:06:45 +0200},
	Entrysubtype = {apocryphes},
	Keywords = {sybille},
	Pages = {1049},
	Publisher = {Gallimard},
	Series = {Bibliothèque de la Pléiade},
	Sortname = {0},
	Title = {Oracles Sybillins},
	Titleaddon = {III, 24-26},
	Translator = {Valentin Nikiprowetzky},
	Usera = {1},
	Year = {1987}}

@book{AugustinJean9,
	Annotator = {Marie-François Berrouard},
	Annote = {p. 537

les quatres parties du monde

Reprend livre des secrets d'Henoch 30, 13-14 ; Oracles Sibyllins 3, 24-26 (ainsi que commentaire sur la lettre Oméga 11 de Zozime)},
	Author = {Augustin},
	Date-Added = {2011-02-21 15:07:55 +0100},
	Date-Modified = {2011-04-26 10:11:07 +0200},
	Editor = {Marie-François Berrouard},
	Entrysubtype = {sermon},
	Keywords = {sybille},
	Number = {71},
	Pages = {534-537},
	Read = {1},
	Series = {Bibliothèque Augustinienne},
	Shortseries = {BA},
	Sorttitle = {Homélie 009},
	Title = {Neuvième homélie sur l'Évangile de Jean},
	Titleaddon = {§ 14},
	Translator = {Marie-François Berrouard},
	Usera = {1}}

@inbook{panorama,
	Address = {Paris},
	Author = {Philippe Bernard},
	Booksubtitle = {Les Églises d'Orient et d'Occident},
	Booktitle = {Histoire du christianisme},
	Date-Added = {2011-02-21 14:37:31 +0100},
	Date-Modified = {2011-03-19 17:55:30 +0100},
	Editor = {Luce Pietri},
	Entrysubtype = {outil},
	Mainttitle = {Histoire du christianisme des origines à nos jours},
	Pages = {1028-1029},
	Publisher = {Desclée de Brouwer},
	Title = {Panorama géographique des rits latins},
	Userb = {1},
	Volume = {3},
	Year = {1998}}

@article{sinai,
	Annote = {hypothèse africaine pour paleographie p. 132, apparenté source martyrologue africain.
p. 128 independant de rome, attache gauloise, saint africain. p. 131 p. 129},
	Author = {Jean Gribomont},
	Date-Added = {2011-02-21 11:48:11 +0100},
	Date-Modified = {2011-02-21 12:00:03 +0100},
	Entrysubtype = {calendrier},
	Journal = {Analecta Bollandiana},
	Number = {1-2},
	Pages = {105-133},
	Title = {Le mystérieux calendrier latin du Sinaï : édition et commentaire},
	Usera = {1},
	Volume = {75},
	Year = {1957}}

@misc{PAPP,
	Address = {Monastère Sainte-Catherine, Sinaï},
	Annote = {BHL 6667},
	Date-Added = {2011-02-21 10:38:57 +0100},
	Date-Modified = {2011-04-20 19:49:15 +0200},
	Entrysubtype = {apocryphes},
	Howpublished = {Codex Slavonicus 5},
	Pages = {19 \psqq},
	Pagination = {folio},
	Sortname = {0},
	Title = {Passio Apostolorum Petri et Pauli},
	Usera = {1}}

@inbook{CLLA,
	Address = {Freiburg},
	Annote = {p. 54-55 pour la passio},
	Author = {Klaus Gamber},
	Booktitle = {Codices liturgici latini antiquiores},
	Date-Added = {2011-02-21 10:35:41 +0100},
	Date-Modified = {2011-03-19 17:01:16 +0100},
	Entrysubtype = {outil},
	Number = {I},
	Pages = {29-55},
	Publisher = {Universität Freibug Schweiz},
	Title = {Documenta Liturgiae Africanae},
	Userb = {1},
	Year = {1968}}

@book{SermonsDolbeau,
	Address = {Paris},
	Annotator = {François Dolbeau},
	Author = {Augustin},
	Date-Added = {2011-02-19 19:13:07 +0100},
	Date-Modified = {2011-03-19 16:48:52 +0100},
	Editor = {François Dolbeau},
	Entrysubtype = {sermon},
	Number = {147},
	Publisher = {Institut d'études augustiniennes},
	Series = {Collection des études augustiniennes. Série Antiquité},
	Sorttitle = {Sermon},
	Title = {Vingt-six sermons au peuple d'Afrique},
	Usera = {1},
	Userb = {1},
	Year = {1996}}

@book{CCPMA,
	Address = {Turhnout},
	Author = {Iohannis Machielsen},
	Date-Added = {2011-02-19 18:57:03 +0100},
	Date-Modified = {2011-03-19 17:02:20 +0100},
	Entrysubtype = {outil},
	Number = {A-B},
	Publisher = {Brepols},
	Title = {Clavis Patristica Pseudoepigraphorum Medii Aevi},
	Userb = {1},
	Volume = {I},
	Year = {1990}}

@inbook{Abdiasintro,
	Address = {Paris},
	Author = {Dominique Alibert and Gisèle Besson and Michèle Brossard-Dandré and Simon Claude Mimouni},
	Booktitle = {Écrits apocryphes chrétiens},
	Date-Added = {2011-02-19 18:32:14 +0100},
	Date-Modified = {2011-03-19 17:12:20 +0100},
	Entrysubtype = {etude},
	Pages = {737-746},
	Publisher = {Gallimard},
	Title = {Introduction aux actes latins des apôtres},
	Usera = {0},
	Userb = {1},
	Volume = {2},
	Year = {2006}}

@bookinbook{Abdias,
	Address = {Paris},
	Booktitle = {Écrits apocryphes chrétiens},
	Date-Added = {2011-02-19 18:28:09 +0100},
	Date-Modified = {2011-04-20 19:51:08 +0200},
	Entrysubtype = {apocryphes},
	Pages = {735-864},
	Publisher = {Gallimard},
	Series = {Bibliothèque de la Pléiade},
	Sortname = {0},
	Title = {Actes latins des apôtres (collection dite du Pseudo-Abdias)},
	Usera = {1},
	Volume = {2},
	Year = {2006}}

@book{ActesJean111-115,
	Annote = {Voir dans la lettre 237 d'Augustin	},
	Crossref = {ActesJean},
	Date-Added = {2011-02-17 17:38:18 +0100},
	Date-Modified = {2011-04-26 10:35:17 +0200},
	Pages = {306-315},
	Titleaddon = {111-115},
	Usera = {1}}

@bookinbook{ConcileHippone,
	Crossref = {ConciliaAfricae},
	Date-Added = {2011-02-17 14:49:37 +0100},
	Date-Modified = {2011-04-25 23:40:41 +0200},
	Pages = {21},
	Title = {Concilium Hipponenses},
	Titleaddon = {5},
	Usera = {1}}

@bookinbook{joseph,
	Address = {Wetteren},
	Annotator = {Jean-Paul Bouhot},
	Annote = {entré 1840
p. 47-56 texte

p. 55 l'autre sermon pseudo augustinien d'origine africaine.},
	Author = {Pseudo-Augustin},
	Booktitle = {ΑΝΤΙΔΩΡΟΝ},
	Date-Added = {2011-02-17 14:19:02 +0100},
	Date-Modified = {2011-02-17 14:27:34 +0100},
	Editor = {Jean-Paul Bouhot},
	Entrysubtype = {sermon},
	Keywords = {joseph},
	Pages = {48-51},
	Publisher = {Cultura},
	Title = {Sermon \incipit{Qui de pelago magno et de fluctuationibus}},
	Usera = {1},
	Year = {1984}}

@book{PsAugustin1334,
	Author = {Pseudo-Augustin},
	Date-Added = {2011-02-09 14:02:53 +0100},
	Date-Modified = {2011-04-26 11:21:04 +0200},
	Entrysubtype = {sermon},
	Keywords = {annonciation},
	Number = {2},
	Pages = {1044},
	Pagination = {column},
	Series = {Patrologia Latina Supplementum},
	Shortseries = {PLS},
	Title = {Sermon \incipit{Intentionem videntes vestrae devotionis} (Caillau II, 28)},
	Titleaddon = {§ 2},
	Usera = {1}}

@book{AugustinSermo314,
	Author = {Augustin},
	Date-Added = {2011-02-08 14:45:37 +0100},
	Date-Modified = {2011-04-26 10:28:35 +0200},
	Entrysubtype = {sermon},
	Keywords = {Etienne},
	Number = {38},
	Pages = {1425},
	Pagination = {column},
	Series = {Patrologia Latina},
	Shortseries = {PL},
	Sorttitle = {Sermon 0314},
	Title = {Sermon 314},
	Titleaddon = {§ 1},
	Usera = {1}}

@article{Kaestli1996,
	Annote = {a relire, mais ne parle tjr pas origine du PsAugustin195},
	Author = {Jean-Daniel Kaestli},
	Date-Added = {2011-02-07 14:08:33 +0100},
	Date-Modified = {2011-03-19 15:24:37 +0100},
	Entrysubtype = {etude},
	Journal = {Revue d'histoire des textes},
	Pages = {96-102},
	Title = {Le \emph{Protévangile de Jacques} en latin. État de la question et perspective nouvelles},
	Volume = {26},
	Year = {1996}}

@article{Kaestli1997,
	Annote = {p. 221 : texte de Hereford dépendrait de :
- PJ
- PsM
- La Source
- De Nativitate Mariae
- Sermon 195 Ps Augustin

Les deux derniers n'étant pas dans tradition de Arundel. Kaestli ne parle pas d'un éventuelle parenté de Ps195 et PJ + PsM + La Source -> doit-on en conclure independance ?},
	Author = {Jean-Daniel Kaestli},
	Date-Added = {2011-02-07 13:54:36 +0100},
	Date-Modified = {2011-03-19 15:24:42 +0100},
	Entrysubtype = {etude},
	Journal = {Études théologiques et religieuses},
	Number = {2},
	Pages = {219-233},
	Title = {Recherches nouvelles sur les \enquote{Évangiles latins de l'enfance} de M. R. James et sur un récit apocryphe mal connu de la naissance de Jésus},
	Volume = {72},
	Year = {1997}}

@article{Norelli1994,
	Annote = {Montre que les traditions apocryphes sur naissance virginale remontent avant Mt.},
	Author = {Enrico Norelli},
	Date-Added = {2011-02-07 13:45:39 +0100},
	Date-Modified = {2011-03-19 15:24:48 +0100},
	Entrysubtype = {etude},
	Journal = {Revue de théologie et de Philosophie},
	Number = {4},
	Pages = {305-323},
	Title = {Avant le canonique et l'apocryphe : aux origines des récits de la naissance de Jésus},
	Volume = {126},
	Year = {1994}}

@inbook{Gregoire1980,
	Address = {Spoleto},
	Annote = {1, 5 -> pour sermon 195},
	Author = {Réginald Grégoire},
	Booksubtitle = {analyse de manuscrits},
	Booktitle = {Homéliaires liturgiques médiévaux},
	Date-Added = {2011-02-01 14:55:51 +0100},
	Date-Modified = {2011-02-28 14:15:34 +0100},
	Entrysubtype = {etude},
	Library = {IEA 16104},
	Pages = {127-225},
	Publisher = {Centro italiano di studi sull'Alto Medieovo},
	Title = {Homéliaire d'Alain de Farfa},
	Year = {1980}}

@book{Aman1910,
	Date-Added = {2011-02-01 14:51:30 +0100},
	Date-Modified = {2011-03-19 15:30:05 +0100},
	Entrysubtype = {etude},
	Title = {Le protévangile de Jacques et ses remaniements},
	Usera = {0},
	Year = {1910}}

@book{AugustinSermo304,
	Author = {Augustin},
	Date-Added = {2011-01-31 18:11:40 +0100},
	Date-Modified = {2011-04-26 10:27:20 +0200},
	Entrysubtype = {sermon},
	Keywords = {lecture martyr, laurent},
	Number = {38},
	Pages = {1385},
	Pagination = {column},
	Series = {Patrologia Latina},
	Shortseries = {PL},
	Title = {Sermon 304},
	Sorttitle = {Sermon 0304},
	Titleaddon = {§ 1},
	Usera = {1}}

@book{AugustinSermo302,
	Author = {Augustin},
	Date-Added = {2011-01-31 18:11:27 +0100},
	Date-Modified = {2011-04-26 10:26:40 +0200},
	Entrysubtype = {sermon},
	Keywords = {lecture martyr, laurent},
	Number = {38},
	Pages = {1385},
	Pagination = {column},
	Read = {1},
	Series = {Patrologia Latina},
	Shortseries = {PL},
	Sorttitle = {Sermon 0302},
	Title = {Sermon 302},
	Titleaddon = {§ 1},
	Usera = {1}}

@book{AugustinSermo280,
	Author = {Augustin},
	Date-Added = {2011-01-31 18:10:17 +0100},
	Date-Modified = {2011-02-08 14:18:39 +0100},
	Entrysubtype = {sermon},
	Keywords = {lecture martyr, perpetue},
	Title = {Sermon 280},
	Sorttitle={Sermon 0280},
	Usera = {1}}

@book{AugustinSermo282,
	Author = {Augustin},
	Date-Added = {2011-01-31 18:03:28 +0100},
	Date-Modified = {2011-02-08 14:17:44 +0100},
	Entrysubtype = {sermon},
	Keywords = {lecture martyr, perpetue},
	Title = {Sermon 282},
	Sorttitle={Sermon 0282},
	Usera = {1}}

@book{AugustinSermo289,
	Annote = {D'après Taylor, allusion au testament des douzes patriarches},
	Author = {Augustin},
	Date-Added = {2011-01-30 17:11:17 +0100},
	Date-Modified = {2011-03-19 15:22:59 +0100},
	Entrysubtype = {sermon},
	Sorttitle={Sermon 0279},
	Title = {Sermon 279},
	Usera = {1}}

@book{AugustinJean120,
	Annote = {D'après Taylor, contiendrait morceau d'apocalypse d'Etiennex > pas trouvé dans l'index apocryphorum.},
	Author = {Augustin},
	Date-Added = {2011-01-30 16:50:57 +0100},
	Date-Modified = {2011-02-20 22:21:10 +0100},
	Entrysubtype = {sermon},
	Pages = {4},
	Pagination = {paragraph},
	Sorttitle = {Homélie 120},
	Title = {Cent vingtième homélie sur Jean},
	Usera = {1}}

@book{AugustinJean98,
	Annotator = {Marie-François Berrouard},
	Annote = {D'après Taylor, contiendrait évocation apocalypse de Paul.},
	Author = {Augustin},
	Date-Added = {2011-01-30 16:48:42 +0100},
	Date-Modified = {2011-04-26 10:15:11 +0200},
	Editor = {Marie-François Berrouard},
	Entrysubtype = {sermon},
	Number = {74 B},
	Pages = {336-339},
	Read = {1},
	Series = {Bibliothèque Augustinienne},
	Shortseries = {BA},
	Sorttitle = {Homélie 098},
	Title = {Quatre-vingt-dix-huitième homélie sur l'Évangile de Jean},
	Titleaddon = {§ 8},
	Translator = {Marie-François Berrouard},
	Usera = {1},
	Userb = {1}}

@book{AugustinPs96,
	Address = {CCSL},
	Author = {Augustin},
	Date-Added = {2011-01-30 16:06:21 +0100},
	Date-Modified = {2011-04-26 10:06:26 +0200},
	Editor = {Eligius Dekkers and Iohannes Fraipont},
	Entrysubtype = {sermon},
	Keywords = {sybille},
	Number = {39},
	Pages = {1352},
	Rating = {0},
	Read = {1},
	Series = {Corpus Christianorum Series Latina},
	Sorttitle = {Discours sur le Psaume 95},
	Title = {Discours sur le Psaume 95},
	Titleaddon = {§ 15},
	Usera = {1}}

@book{PsAugustin1831,
	Annote = {Marianum 25, 1963

Voir aussi Marianum 29, 1967 (Barré)

discours du Père à Gabriel},
	Author = {Pseudo-Augustin},
	Date-Added = {2011-01-28 15:34:41 +0100},
	Date-Modified = {2011-04-26 11:17:25 +0200},
	Entrysubtype = {sermon},
	Keywords = {annonciation},
	Number = {4},
	Pages = {1993-1996},
	Pagination = {column},
	Series = {Patrologia Latina Supplementum},
	Shortseries = {PLS},
	Title = {Sermon \incipit{Thalamos Mariae et secreta conjuga, quibus Gabrihel}},
	Usera = {1}}

@article{Barre1959,
	Author = {Henri Barré},
	Date-Added = {2011-01-28 15:06:46 +0100},
	Date-Modified = {2011-03-19 15:24:52 +0100},
	Entrysubtype = {etude},
	Journal = {Marianum},
	Pages = {127-173},
	Title = {Les premières prières mariales de l'Occident},
	Volume = {21},
	Year = {1959}}

@article{Barre1963a,
	Annote = {Maximin L'arien -> PLS I  731-2 Clavis 695
Optat de Milève -> PLS I, 288-294 clavis 245
Fulgence de Ruspe -> PL 65, 726-9 sermon 2, clavis 829


p. 41 certains sermons de Nöel ne sont en réalité que des extraits de commentaires scripturaires.},
	Author = {Henri Barré},
	Date-Added = {2011-01-28 13:43:24 +0100},
	Date-Modified = {2011-03-19 16:47:56 +0100},
	Entrysubtype = {etude},
	Journal = {Marianum},
	Pages = {39-93},
	Title = {Sermons marials inédits \enquote{in Natali Domini}},
	Usera = {0},
	Volume = {81},
	Year = {1963}}

@book{AugustinJean124,
	Annotator = {Marie-François Berrouard},
	Annote = {Commente les spéculation sur la mort de Jean, d'après actes de Jean.

p. 433},
	Author = {Augustin},
	Date-Added = {2011-01-26 18:03:57 +0100},
	Date-Modified = {2011-04-26 10:16:40 +0200},
	Entrysubtype = {sermon},
	Keywords = {jean},
	Number = {75},
	Pages = {432-437},
	Read = {1},
	Series = {Bibliothèque Augustinienne},
	Shortseries = {BA},
	Sorttitle = {Homélie 124},
	Title = {Cent vingt-quatrième homélie sur l'Évangile de Jean},
	Titleaddon = {§ 2-3},
	Translator = {Marie-François Berrouard},
	Usera = {1}}

@book{AugustinJean20,
	Annotator = {Marie-François Berrouard},
	Annote = {p. 201

concerne la réssurection des âmes,

lire la note qui renvoit vers des textes apocryphes

lire en détail, notamment parce que concerne les homélies clémentines},
	Author = {Augustin},
	Date-Added = {2011-01-26 17:54:29 +0100},
	Date-Modified = {2011-04-26 00:55:05 +0200},
	Entrysubtype = {sermon},
	Number = {72},
	Pages = {14},
	Pagination = {paragraph},
	Series = {Bibliothèque Augustinienne},
	Shortseries = {BA},
	Sorttitle = {Homélie 020},
	Title = {Vingtième homélie sur l'Évangile de Jean},
	Translator = {Marie-François Berrouard},
	Usera = {1}}

@book{AugustinJean10,
	Address = {Paris},
	Annotator = {Marie-François Berrouard},
	Annote = {p. 537

les quatres parties du monde

Reprend livre des secrets d'Henoch 30, 13-14 ; Oracles Sibyllins 3, 24-26 (ainsi que commentaire sur la lettre Oméga 11 de Zozime)},
	Author = {Augustin},
	Date-Added = {2011-01-26 17:33:59 +0100},
	Date-Modified = {2011-04-26 10:12:32 +0200},
	Editor = {Marie-François Berrouard},
	Entrysubtype = {sermon},
	Keywords = {sybille},
	Number = {71},
	Pages = {576-581},
	Read = {1},
	Series = {Bibliothèque Augustinienne},
	Shortseries = {BA},
	Sorttitle = {Homélie 010},
	Title = {Dixième homélie sur l'Évangile de Jean},
	Titleaddon = {§ 12},
	Translator = {Marie-François Berrouard},
	Usera = {1}}

@article{Leclercq1946,
	Annote = {rattache le sermon App. 195 à l'Afrique.

p. 11 n. 5 "Hors ce sermon paraît ancien ; il n'y est pas fait mention du fait même de la Nativité, mais seulement de l'Annonciation et de la conception du Christ. },
	Author = {Jean dom Leclercq},
	Date-Added = {2011-01-24 11:40:58 +0100},
	Date-Modified = {2011-03-19 15:25:17 +0100},
	Entrysubtype = {etude},
	Journal = {Ephemerides Liturgicae},
	Pages = {7-26},
	Title = {Aux origines du cycle de Noël},
	Volume = {60},
	Year = {1946}}

@book{Frede1984,
	Address = {Freiburg},
	Author = {Hermann Josef Frede},
	Booktitle = {Vetus Latina : die Reste der altlateinischen Bibel},
	Date-Added = {2011-01-17 13:39:37 +0100},
	Date-Modified = {2011-04-21 16:33:46 +0200},
	Entrysubtype = {outil},
	Number = {1A},
	Publisher = {Herder},
	Series = {Vetus Latina},
	Subtitle = {Verzeichnis und Sigel},
	Title = {Kirchenschrifsteller},
	Volume = {I},
	Year = {1984}}

@book{Frede1981,
	Address = {Freiburg},
	Author = {Hermann Josef Frede},
	Booktitle = {Vetus Latina : die Reste der altlateinischen Bibel},
	Date-Added = {2011-01-17 13:31:29 +0100},
	Date-Modified = {2011-04-21 16:33:41 +0200},
	Entrysubtype = {outil},
	Number = {1},
	Publisher = {Herder},
	Series = {Vetus Latina},
	Subtitle = {Verzeichnis und Sigel},
	Title = {Kirchenschrifsteller},
	Volume = {I},
	Year = {1981}}

@book{Morin1,
	Address = {Rome},
	Author = {Germani Morin},
	Date-Added = {2011-01-17 11:54:18 +0100},
	Date-Modified = {2011-01-18 01:16:57 +0100},
	Entrysubtype = {outil},
	Publisher = {Typis Polyglottis Vaticanis},
	Subtitle = {Testi e studi},
	Title = {Miscellanea Agostiniana},
	Volume = {1},
	Year = {1930}}

@article{Scalon1975,
	Author = {Cesare Scalon},
	Date-Added = {2011-01-17 09:56:49 +0100},
	Date-Modified = {2011-01-18 01:16:41 +0100},
	Entrysubtype = {etude},
	Journal = {Aevum},
	Number = {3-4},
	Pages = {349-388},
	Title = {Su alcune omelie pasquali pseudoagostiniane},
	Volume = {75},
	Year = {1975}}

@book{Urner1952,
	Address = {Gottingen},
	Author = {Urner, Hans},
	Date-Added = {2011-01-16 16:43:49 +0100},
	Date-Modified = {2011-01-18 01:16:36 +0100},
	Entrysubtype = {etude},
	Title = {Die ausserbiblische Lesung in Christlichen Gottesdienst},
	Year = {1952}}

@book{PsAugustin1337,
	Annote = {G. Morin, Misc. Ag. I, 754 -> "Nullus quidem momenti, antiquus tamen est, nam eum Caesarius Arelantensis homiliario sud de Festis inseruit. Cantatus erat psal. 80, lecta epist. ad Philipp. 4, 4 et evange. Luc 2, 10"
 et CC 104, 979
africanus (Frede 170) > alt, afrika

notice 1337	},
	Author = {Pseudo-Augustin},
	Date-Added = {2011-01-13 17:07:31 +0100},
	Date-Modified = {2011-04-26 11:19:06 +0200},
	Entrysubtype = {sermon},
	Keywords = {annonciation},
	Number = {2},
	Pages = {1189-1190},
	Pagination = {column},
	Read = {1},
	Series = {Patrologia Latina Supplementum},
	Shortseries = {PLS},
	Title = {Sermon \incipit{Omnes scripturae quas nunc audivimus} (Caillau II, 31)},
	Titleaddon = {§ 3},
	Usera = {1}}

@book{PsAugustin1333,
	Annote = {notice 1333
G. Morin. Misc. Ag I, 741 -> "Fragmentum est autoctoris antiqui, sed ignoti, qui vetere versione Scripturarum vitur"
H. Barré, études Mariales, 13, 1955, 93	
Frede 170 -> il faut chercher à  à Caillau II, 167

Gounelle : "-  Les sermons assimilant le serpent de la Genèse soit au diable, soit à un ange mauvais ne sont pas pertinents en tant que tel, à moins qu'ils contiennent un récit proche d'un texte apocryphe. Je vous suggère pour le moment de les laisser de côté."},
	Author = {Pseudo-Augustin},
	Date-Added = {2011-01-13 16:50:14 +0100},
	Date-Modified = {2011-04-21 16:36:45 +0200},
	Entrysubtype = {sermon},
	Keywords = {anges},
	Number = {2, 1041-1043},
	Pages = {4},
	Pagination = {paragraph},
	Read = {1},
	Series = {Patrologia Latina Supplementum},
	Shortseries = {PLS},
	Title = {Sermon \incipit{Fratres carissimi, unum rei documentum} (Caillau II, 27)},
	Usera = {1}}

@book{PsAugustin1288,
	Annote = {Frede 169 > "ungeschickte Komposition, vielleicht Afrika)
notice 1288

= sermon annexe 58 sur le site de l'abbaye bidule},
	Author = {Pseudo-Augustin},
	Date-Added = {2011-01-13 16:33:20 +0100},
	Date-Modified = {2011-04-26 11:22:29 +0200},
	Entrysubtype = {sermon},
	Keywords = {P&P},
	Number = {2},
	Pages = {1010},
	Pagination = {column},
	Read = {1},
	Series = {Patrologia Latina Supplementum},
	Shortseries = {PLS},
	Title = {Sermon \incipit{Natalem, iuvante hodie Domino apostolorum} (Caillau I, 58)},
	Titleaddon = {§ 2},
	Usera = {1}}

@book{PsAugustin1262,
	Annote = {G. Morin, Misc. Ag. I, 736 -> "Auctor profecto antiquus, ut loca e sacris Bibliis adducta ostendunt ; qui rara interdum vocabulat usurpat (...) et revera duo initio articuli recitantur, quales in symbolo extant quo Augustinus, Quodvulteurs et Fulgentius utebantur"
S. Scallon, Aevum 49, 1975, 370
H. Barré Revu. Et. AUg. 13, 1967, 294.

entrée 1262

5 §},
	Author = {Pseudo-Augustin},
	Date-Added = {2011-01-13 16:17:05 +0100},
	Date-Modified = {2011-04-21 16:36:16 +0200},
	Entrysubtype = {sermon},
	Keywords = {enfer},
	Number = {2, 966-969},
	Pages = {5},
	Pagination = {paragraph},
	Read = {1},
	Series = {Patrologia Latina Supplementum},
	Shortseries = {PLS},
	Title = {Sermon \incipit{Est fidei nostrae, vel hujus sanctae et venerabilis Paschae laeta festivitas} (Caillau I, 32)},
	Usera = {1}}

@book{PsAugustin1241,
	Annote = {G. Morin, Misc. Ag. I, 740 -> rien
Frede, Akt [1984] 38
H. Barré, Marianum, 29, 1967, 163 adn. 46 et 164

entré 1241-> 6-7. siècle. Afrika.},
	Author = {Pseudo-Augustin},
	Date-Added = {2011-01-13 15:41:42 +0100},
	Date-Modified = {2011-04-26 11:25:15 +0200},
	Entrysubtype = {sermon},
	Keywords = {annonciation},
	Number = {2},
	Pages = {929-930},
	Pagination = {column},
	Read = {1},
	Series = {Patrologia Latina Supplementum},
	Shortseries = {PLS},
	Title = {Sermon \incipit{Fratres charissimi, nativitas salvatoris redemptio est peccatoris} (Caillau I, 11)},
	Titleaddon = {§ 2},
	Usera = {1}}

@book{PsAugustin0978,
	Annote = {entrée 978.

G. Morin, Misc. Age. I, 741, -> pas interessant
H. Barré, Revue Et. Aug. 13, 1967, 287 ad. 15
Frede 164 -> afrika},
	Author = {Pseudo-Augustin},
	Date-Added = {2011-01-13 15:18:55 +0100},
	Date-Modified = {2011-04-26 11:30:25 +0200},
	Entrysubtype = {sermon},
	Keywords = {annonciation},
	Number = {39,},
	Pages = {2104},
	Pagination = {column},
	Read = {1},
	Series = {Patrologia Latina},
	Shortseries = {PL},
	Title = {Sermon \incipit{Fratres dilectissimi, hodie dies illuxit, in quo Christus}},
	Titleaddon = {§ 2},
	Usera = {1}}

@book{PsAugustin0904,
	Annote = {H. Barré, Marianum, 29, 1967, 163 adn. 46 > ne précise pas  en quoi africain, mais dit que le procédé du dialogue vient peut être de l'orient par l'office byzantin de l'annonciation
H. Barré, Et. Mariales, 13, 1955	
H. Barré, Marianum, 25, 1963, 44, adn. 35	> ne précise rien sur l'origine
CPL 969
PL 39
J. Leroy, Oeuvres, I, 426 > attribut a Fauste de Riez
entré 904 du CPPMA

Rien dans Dolbeau mais une réference : Weidmannx -> rien d'utile},
	Author = {Pseudo-Augustin},
	Date-Added = {2011-01-13 14:10:52 +0100},
	Date-Modified = {2011-04-26 11:33:59 +0200},
	Entrysubtype = {sermon},
	Keywords = {annonciation},
	Number = {39},
	Pages = {1984},
	Read = {1},
	Series = {Patrologia Latina},
	Shortseries = {PL},
	Title = {Sermon \incipit{Legimus et fideliter retinemus, quod sub ipso principio nascentis mundi} (App. Augustin. 119)},
	Titleaddon = {§ 4},
	Usera = {1}}

@bookinbook{AugustinSermo354A,
	Address = {Paris},
	Annotator = {François Dolbeau},
	Annote = {au chapitre 11 "Maledictus qui non suscitaverit" , qui est rangé désormais comme un agraphon (p.  272) bien qu'elle correspondent à une formulation négative d'Is 31, 9 (selon la Septante)},
	Author = {Augustin},
	Booktitle = {Vingt-six sermons au peuple d'Afrique},
	Date-Added = {2011-01-10 17:06:00 +0100},
	Date-Modified = {2011-04-26 13:22:17 +0200},
	Editor = {François Dolbeau},
	Entrysubtype = {sermon},
	Keywords = {agraphon},
	Number = {147},
	Pages = {280-281},
	Pagination = {paragraph},
	Publisher = {Institut d'études augustiniennes},
	Series = {Collection des études augustiniennes. Série Antiquité},
	Title = {Sermon 354A (Dolbeau 12)},
	Titleaddon = {§ 11},
	Usera = {1},
	Userb = {1},
	Year = {1996}}

@article{Ries1963,
	Author = {Ries, Julien},
	Date-Added = {2011-01-10 15:46:23 +0100},
	Date-Modified = {2011-04-04 19:17:01 +0200},
	Entrysubtype = {etude},
	Journal = {Revue des Études Augustiniennes},
	Pages = {201-215},
	Title = {La Bible chez s. Augustin et chez les manichéens},
	Volume = {9},
	Year = {1963}}

@article{Ries1967,
	Author = {Ries, Julien},
	Date-Added = {2011-01-10 15:45:08 +0100},
	Date-Modified = {2011-04-04 19:16:44 +0200},
	Entrysubtype = {etude},
	Journal = {Revue des Études Augustiniennes},
	Pages = {309-329},
	Title = {La Bible chez s. Augustin et chez les manichéens},
	Volume = {10},
	Year = {1964}}

@article{Ries1961,
	Annote = {comporte un historique},
	Author = {Ries, Julien},
	Date-Added = {2011-01-10 15:42:04 +0100},
	Date-Modified = {2011-04-04 19:16:39 +0200},
	Entrysubtype = {etude},
	Journal = {Revue des Études Augustiniennes},
	Pages = {231-243},
	Title = {La Bible chez s. Augustin et chez les manichéens},
	Volume = {7},
	Year = {1961}}

@book{Polman1961,
	Address = {Grand Rapids},
	Author = {Polman, A. D. R},
	Date-Added = {2011-01-10 15:29:29 +0100},
	Date-Modified = {2011-01-18 01:16:05 +0100},
	Entrysubtype = {etude},
	Publisher = {Eerdmans},
	Title = {The Word of God According to St. Augustine},
	Year = {1961}}

@article{Costello1932,
	Author = {Costello, C. J.},
	Date-Added = {2011-01-10 15:23:25 +0100},
	Date-Modified = {2011-01-18 01:16:00 +0100},
	Entrysubtype = {etude},
	Journal = {Revue de l'Université d'Ottawa},
	Pages = {125-138},
	Title = {St Augustine's Canon of Scripture and his Criterion of Canonicity},
	Year = {1932}}

@inbook{Urner1952chap,
	Address = {Gottingen},
	Bookauthor = {Urner, Hans},
	Booktitle = {Die ausserbiblische Lesung in Christlichen Gottesdienst},
	Date-Added = {2011-01-10 15:16:29 +0100},
	Date-Modified = {2011-01-18 01:15:45 +0100},
	Entrysubtype = {etude},
	Pages = {25-48},
	Publisher = {Landenhoecd \& Ruprecht},
	Title = {Die gottesdienstlich der Märturerakten und Bunderberichte bis zur Zeit Augustins (155-430)},
	Year = {1952}}

@book{Willis1962,
	Address = {London},
	Author = {Willis, G. G.},
	Date-Added = {2011-01-10 15:03:48 +0100},
	Date-Modified = {2011-01-18 01:15:33 +0100},
	Entrysubtype = {etude},
	Publisher = {S.P.C.K.},
	Title = {St Augustine's Lectionary},
	Year = {1962}}

@book{Perler1969,
	Address = {Paris},
	Author = {Perler, Othmar and Maier, Jean-Louis},
	Date-Added = {2011-01-10 14:59:24 +0100},
	Date-Modified = {2011-01-18 01:15:28 +0100},
	Entrysubtype = {etude},
	Publisher = {Études Augustiniennes},
	Title = {Les voyages de Saint Augustin},
	Year = {1969}}

@inproceedings{Quispel1974,
	Address = {Paris},
	Author = {Gilles Quispel},
	Booktitle = {Mélanges d'histoire des religions},
	Date-Added = {2011-01-10 14:40:48 +0100},
	Date-Modified = {2011-04-18 17:20:21 +0200},
	Editor = {{Presses Universitaires de France}},
	Entrysubtype = {etude},
	Title = {Saint Augustin et l'Évangile selon Thomas},
	Year = {1974}}

@article{Kurfess1951,
	Author = {A. Kurfess},
	Date-Added = {2011-01-10 14:39:18 +0100},
	Date-Modified = {2011-01-18 01:15:10 +0100},
	Entrysubtype = {etude},
	Journal = {Theologische Quartalschrift},
	Title = {Augustin und die Tiburtinische Sibylle},
	Volume = {131},
	Year = {1951}}

@inproceedings{Camelot1967,
	Address = {Paris},
	Author = {Pierre-Thomas Camelot},
	Booktitle = {Mélanges offerts à M.-D. Chenu},
	Date-Added = {2011-01-10 14:36:46 +0100},
	Date-Modified = {2011-03-19 17:31:26 +0100},
	Editor = {Vrin},
	Entrysubtype = {etude},
	Keywords = {inutile},
	Pages = {127-133},
	Title = {Autorité de l'Écriture, autorité de l'Église, a propos d'un texte de Saint Augustin},
	Year = {1967}}

@book{Costello1930,
	Address = {Washington},
	Author = {C. J. Costello},
	Date-Added = {2011-01-10 14:32:53 +0100},
	Date-Modified = {2011-01-18 01:14:53 +0100},
	Entrysubtype = {etude},
	Publisher = {Catholic Univ. Press},
	Title = {St Augustine's doctrine on the Inspiration and Canonicity of Scripture},
	Year = {1930}}

@inproceedings{Bogaert1998,
	Address = {Paris},
	Author = {Pierre-Maurice Bogaert},
	Booktitle = {Augustin prédicateur (395-411)},
	Date-Added = {2011-01-10 14:27:09 +0100},
	Date-Modified = {2011-04-18 16:40:55 +0200},
	Editor = {Goulven Madec},
	Entrysubtype = {etude},
	Pages = {33-47},
	Publisher = {Institut d'Études Augustiniennes},
	Series = {Collection des études augustiniennes. Série Antiquité},
	Title = {La bible d'Augustin. État des questions et applications aux sermons Dolbeau},
	Volume = {159},
	Year = {1998}}

@book{PsAugustin0905,
	Annote = {vraisemblablement africain. devellope la salutation de l'ange en forme proche du Ps Matt.

revoir la numérotation de ce sermon

Dans Clavis : 905
Frede 162 -> Afrika ?
H. Barré, Marianum, 21, 1959, 140. et Prières anciennes 29
Marianum; 25, 1963 > ne précise pas pourquoi dit qu'Africain (p. 59)
Rev. Et. Aug. 25, 1979, Lemarié},
	Author = {Pseudo-Augustin},
	Date-Added = {2011-01-06 18:08:12 +0100},
	Date-Modified = {2011-04-26 11:32:45 +0200},
	Entrysubtype = {sermon},
	Keywords = {annonciation},
	Number = {39},
	Pages = {1985},
	Pagination = {column},
	Read = {1},
	Series = {Patrologia Latina},
	Shortseries = {PL},
	Title = {Sermon \incipit{Hodie \emph{puer natus est nobis}, hodie \emph{filius datus est nobis}} (App. Augustin. 120)},
	Titleaddon = {§ 3},
	Usera = {1}}

@book{Barre1963,
	Address = {Paris},
	Author = {Henri Barré},
	Date-Added = {2011-01-06 14:55:01 +0100},
	Date-Modified = {2011-04-26 01:24:02 +0200},
	Entrysubtype = {etude},
	Publisher = {P. Lethielleux},
	Title = {Prières anciennes de l'Occident à la Mère du Sauveur},
	Year = {1963}}

@article{Barre1967,
	Annote = {pas l'air d'avoir grand chose d'apocryphe. Sauf peut-être dans discours d'Augustin à Marie via l'ange.},
	Author = {Henri Barré},
	Date-Added = {2011-01-06 14:47:13 +0100},
	Date-Modified = {2011-04-25 23:52:14 +0200},
	Entrysubtype = {etude},
	Journal = {Études Augustiniennes},
	Pages = {285-317},
	Title = {Le culte marial en Afrique après Saint Augustin},
	Volume = {13},
	Year = {1967}}

@article{amulette,
	Annote = {Uriel : Ada1 48 ; Ada 2 56; 57 Esdr 4, 1 Esdr 5, 20 ;  Hens 30, 8 (dans concordance latine)

Azaziel : Enoch Etiopien, 4 Q 180, 1, 6, I Henoch VI, 6
 Fotuel : pas trouvé
},
	Author = {Robert W. Daniel and Franco Maltomini},
	Date-Added = {2011-01-05 14:53:33 +0100},
	Date-Modified = {2011-01-24 20:57:58 +0100},
	Entrysubtype = {autre},
	Indextitle = {Amulette},
	Journal = {Zeitschrift für Papyrologie und Epigraphik},
	Keywords = {anges},
	Namea = {0},
	Pages = {253-265},
	Read = {1},
	Title = {From the African Psalter and Liturgy},
	Usera = {1},
	Volume = {74},
	Year = {1988}}

@phdthesis{Taylor1980,
	Address = {Indiana, E.-U},
	Annote = {p. 288 dans l'œuvre d'Augustin : " 9 references from 8 O. T. apocryphal works and 30 references from 12 N. T apocryphal works (excluding Quispel's 7 references to the \texit{Gospel of Thomas"})"

p. 292 "In other words, Augustine was a key opportunist. In situation where the apocrypha served his purpose, he used them; otherwise, not."
Question : peut-on réellement considérer La lettre d'Aristée comme un apocryphe ?

Attention : il s'agit ici d'une réflexion théologique.

p. 86 -87: réferences sur la notion de "Canon of Scripture" :  Sermon 315, 1, De Do. II, 13, Unit. Eccl XVII, 44 & XXV 72, In ROm. XI, De civ. XVIII 13 & 38, Ep. 237 4 f. , IN Ps CVI, Contra Fel II, 6, Contra Faustum XXVV 79 etc.

p. 127-129 : sur la date du sermon 289, (401 C. E) Perlers -> p. 233 (p. 127 chez l'auteur) : fête de juin pour la conversion de Paul, whillis (p. 28, auteur p. 128) "the second week of Estearid on a day on wich Gen. XLIX was read" . L'auteur pense qu'ils ont tout les 2 tord : fête conversion de Paul a lieu habituellement en janvier). Testamen de 12 patriarches, Benjamin XI, 1-5 : identification Paul avec prophétie de Jacob. (p. 129)


Sur les listes des conciles africains :

p. 62 : "Costello\footcite{1932, p. 128} interprets this to mean that other books could be read in church, but not as if they were scripture". 

p. 63 Polmann (1961, p. 197, n. 73) \enquote{comments that the canonical lists from these synode were \enquote{no more than recommendations to overseas bishops and and applied to restricted and liturgical usage alone}}
p. 64 Costello (1930, p. 69) : cette liste est liée à l'opposition de Jerome aux livres deutérocanoniques. 
p. 64 : "I suspect that the emphasis was more accidental, since a canonical list was included among the other legislation that was carried along during this of litigation between Rome and the African Church. The african canonical list was, after all, but a small part of much larger corpus of church order legislation wich reflected the independence and authority of the African Church's councils and synods - the very factor that the Africans relied on in their controversy with Rome over such matters as appeals, specifically related to these local customs, the Africans turne to Rome for approval in order to be "Catholic.""

Costello (St Augustin's Doctrine) p. 73-76 deux sens  du terme "canon scripturatum" : "collection of canonical writiing had benn fixed and limited (...) that this collection served a standard against wich the veracity of any other writing could be judged")

p. 116 "One of the interesting negative results of our study is the lack of use of apocrypha among the Donatists, Pelagians and the Marcionites. Both Augustine's remark and other sources confirm this". (p. 116-118)},
	Author = {Finian Daniel Taylor},
	Date-Added = {2011-01-03 16:51:40 +0100},
	Date-Modified = {2011-01-18 01:14:27 +0100},
	Entrysubtype = {etude},
	Library = {Paris, Institut d'Étude Augustinienne 15351},
	School = {University of Notre Dame},
	Title = {Augustine of Hippo's notion and use of the apocrypha},
	Year = {1980 (fac-similé de 1978)}}

@book{Jirouskova2006,
	Address = {Leiden - Boston},
	Annote = {Recherche dans l'index sur Augustin
p. 315 note 185 : Sermo ad Fratres in eremo 68 (Pl 40, 1355)
p. 339 : "Diese Theorie der zwei Höllen (...) in Werken des Augustinus"
388 n. 61 : renvoit vers un bouquin en allemand
p. 404 : authenticité nié par Augustin ->  Silverstein (1935) visio sancti pauli ... p. 3-4
								-> Ders. 1962 (pas trouvé dans biblio)
p. 472 -> pas trouvé où se trouve Augustin dans la page.
p. 448 > c'est une note de critique text. A fouiller le cas échéant. },
	Author = {Lenka von Jiroušková},
	Date-Added = {2011-01-03 15:04:07 +0100},
	Date-Modified = {2011-04-18 16:41:01 +0200},
	Entrysubtype = {etude},
	Library = {CADP ZD71},
	Number = {34},
	Publisher = {Brill},
	Series = {Mittellateinische Studien und Texte},
	Subtitle = {Wege und Wandlungen einer orientalischen Apokryphe im lateinischen Mittelalter : unter Einschluss der alttschechischen und deutschsprachigen Textzeugen},
	Title = {Die \enquote{Visio Pauli}},
	Year = {2006}}

@inproceedings{Bogaert2009,
	Annote = {Usage liturgique cantique biblique averé en Afr.
p.  122 -> Revue bénédictine 104(1994), 107 (1997), 
Recherches AUgustiniennes 31 pour des donatistes  -> fait, rien trouver
Chercher dans les oeuvres de Verecendus CCSL 93},
	Author = {Pierre-Maurice Bogaert},
	Booksubtitle = {philological, historical, and theological studies on Augustine's sermones \enquote{ad populum}},
	Booktitle = {Minesterium sermonis},
	Date-Added = {2011-01-03 14:57:12 +0100},
	Date-Modified = {2011-01-20 17:44:59 +0100},
	Editor = {Gert Partoens and Anthony Dupont and Mathijs Lamberigts},
	Entrysubtype = {etude},
	Library = {CADP ZB6/AUG/144},
	Subtitle = {quelques perspectives de recherche},
	Title = {Les cantiques biblique dans l'homilétique africaine},
	Year = {2009}}

@article{Dinzelbacher1991,
	Annote = {Influence moyen âge.

Traduit du grec au latin 5-6ème siècle.},
	Author = {Peter Dinzelbacher},
	Date-Added = {2011-01-03 14:22:57 +0100},
	Date-Modified = {2011-01-18 01:19:20 +0100},
	Entrysubtype = {etude},
	Journal = {Apocrypha},
	Keywords = {inutile},
	Title = {La \enquote{Visio S. Pauli} : circulation et influence d'un apocryphe eschatologique},
	Volume = {2},
	Year = {1991}}

@book{Olivar1991,
	Address = {Barcelone},
	Author = {Alexandre Olivar},
	Date-Added = {2011-01-03 14:11:37 +0100},
	Date-Modified = {2011-01-18 01:14:07 +0100},
	Entrysubtype = {etude},
	Library = {Sorbonne histoire des religions : CP 112, Institut d'Étude Augustinienne : 22175},
	Publisher = {Ed. Herder},
	Title = {La predicacion cristiana antigua},
	Year = {1991}}

@book{Amat1985,
	Address = {Paris},
	Annote = {p. 289 : miracles d'Étienne commandé par Evode d'Uzalis. 

Question : Etienne est mort. Les miracles rapportés relève-il du genre hagiographique ou bien de l'apocryphe ?

Un passage sur les anges (p. 300 sq). A rapprocher de la formule de conjuration ?},
	Author = {Jacqueline Amat},
	Date-Added = {2011-01-03 13:47:50 +0100},
	Date-Modified = {2011-01-18 01:14:03 +0100},
	Entrysubtype = {etude},
	Library = {B801},
	Publisher = {Études Augustiniennes},
	Subtitle = {L'au-delà dans la littérature latine tardive},
	Title = {Songes et visions},
	Year = {1985}}

@bookinbook{Carthage,
	Address = {Bonn},
	Annote = {\begin{itemize}
\item 8 calende juillet : Jean-Baptiste
\item 3 calend juillet : Pierre et Paul
\item calend August : Maccabé
\item 22 calend septembre : Timothée : on actes des actes attribués à lui, dont on trouve des traces liturgique (p. 591 du t. 2 de la pléiade). 
Mais d'orientation asiate. Intéressant à noter : les actes commençant par mentionné une fête au 22 janvier
\item 13 id octobre : Luc "évangeliste et martyr"
\item 9 calendre decembre : Saint Clément
\item 3 kalend decembre : Andre "apostoli et martyrs"
\item 7 Calend janvier : Etienne
\item 6 Calend janvier : Jean Baptiste et Jacques apôtres. Problème "sancti Johannis Baptistae, et Jacobi Apostoli, quem Herodes occidit" -> On a l'impression que c'est Jacob et pas Jean qui a été tué. Dans le Pseudo Abdias 8 calendes août.

Également doublon avec la fête en juin.
\end{itemize}},
	Bookauthor = {Hans Lietzmann},
	Booktitle = {Die drei ältesten Martyrologien},
	Date-Added = {2011-01-02 19:43:50 +0100},
	Date-Modified = {2011-04-26 12:07:18 +0200},
	Entrysubtype = {calendrier},
	Keywords = {lu},
	Pages = {5-8},
	Read = {0},
	Sortname = {0},
	Title = {Das Martyrolog von Carthago},
	Usera = {1},
	Year = {1911}}

@book{Dracontius,
	Address = {Paris},
	Annote = {mentionne que Pierre a provoqué chute de Simon. Voir le roman Pseudo Clémentin.

il faudrait que je liste l'introduction. + note sur la descente du Christ aux enfers (Gounelle !)},
	Author = {Dracontius},
	Booktitle = {Oeuvres},
	Date-Added = {2011-01-02 16:02:10 +0100},
	Date-Modified = {2011-04-26 11:11:26 +0200},
	Editor = {Claude Moussy and Colette Camus},
	Entrysubtype = {autre},
	Keywords = {copie},
	Library = {Cd215/2 ; CADP : ZB6/DRAC/1/2},
	Pages = {27},
	Publisher = {Belles Lettres},
	Read = {1},
	Series = {Collection des Universités de France, Série Latine},
	Title = {Louanges de Dieu},
	Titleaddon = {III, 222-236},
	Translator = {Claude Moussy},
	Usera = {1},
	Volume = {2},
	Year = {1988}}



@book{AugustinSermo295,
	Annote = {Authentique},
	Author = {Augustin},
	Date-Added = {2011-01-02 15:19:50 +0100},
	Date-Modified = {2011-04-26 10:19:41 +0200},
	Entrysubtype = {sermon},
	Keywords = {P&P},
	Number = {38},
	Pages = {1352},
	Pagination = {column},
	Read = {1},
	Series = {Patrologia Latina},
	Shortseries = {PL},
	Sorttitle = {Sermon 0295},
	Title = {Sermon 295},
	Titleaddon = {§ 7-9},
	Usera = {1}}

@book{AugustinPs141,
	Annote = {Mentionne le martyr de Pierre et Paul à Rome},
	Author = {Augustin},
	Date-Added = {2011-01-02 14:33:57 +0100},
	Date-Modified = {2011-04-26 10:06:20 +0200},
	Editor = {Eligius Dekkers and Iohannes Fraipont},
	Entrysubtype = {sermon},
	Keywords = {P&P},
	Number = {40},
	Pages = {2042},
	Read = {1},
	Series = {Corpus Christianorum Series Latina},
	Shortseries = {CCSL},
	Sorttitle = {Discours sur le Psaume 140},
	Title = {Discours sur le Psaume 140},
	Titleaddon = {§ 21},
	Usera = {1}}

@book{AugustinPs73,
	Annote = {Les apôtres comparées aux béliers},
	Author = {Augustin},
	Date-Added = {2011-01-02 14:21:13 +0100},
	Date-Modified = {2011-01-30 16:05:48 +0100},
	Entrysubtype = {sermon},
	Keywords = {apotres},
	Number = {40},
	Series = {Corpus Christianorum Series Latina},
	Shortseries = {CCSL},
	Sorttitle =  {Discours sur le psaume 0073 (72)},
	Title = {Discours sur le psaume 73 (72)},
	Usera = {1}}





@bookinbook{AugustinSermo299,
	Annotator = {François Dolbeau},
	Annote = {Parle de la mort des 2 apôtres romains.},
	Author = {Augustin},
	Booktitle = {Vingt-six sermons au peuple d'Afrique},
	Date-Added = {2010-12-09 15:41:44 +0100},
	Date-Modified = {2011-04-26 13:22:27 +0200},
	Editor = {François Dolbeau},
	Entrysubtype = {sermon},
	Keywords = {P&P},
	Number = {147},
	Pages = {511-512},
	Read = {1},
	Series = {Collection des études augustiniennes. Série Antiquité},
	Title = {Sermon 0299A augmenté (Dolbeau 4)},
	Sorttitle = {Sermon 0299A},
	Titleaddon = {§ 1},
	Usera = {1},
	Year = {1993}}

@book{AugustinSermo296,
	Annote = {Lors du sac de Rome. Semble mettre en doute la présence de Paul à Rome "dit-on parmis les hommes"},
	Author = {Augustin},
	Date-Added = {2010-12-09 15:28:43 +0100},
	Date-Modified = {2011-04-26 10:20:55 +0200},
	Entrysubtype = {sermon},
	Keywords = {P&P, jean},
	Number = {38},
	Pages = {1356},
	Pagination = {column},
	Read = {1},
	Series = {Patrologia Latina},
	Shortseries = {PL},
	Title = {Sermon 296},
	Sorttitle = {Sermon 0296},
	Titleaddon = {§ 5-6},
	Usera = {1}}

@book{MartyHier,
	Address = {Bruxelles},
	Annote = {En Afrique :

\begin{itemize}

\item 5, 4 k. ian 									-> fait
\item k. ian										-> fait
\item 3, 2 non. ian.									-> Victor
\item 8, 5, 4, 3, 2 id. ian.								->
\item 19, 17, 16 15, 14, 12, 11, 9, 8, 6, 4, 3, 2 k. fev..
\item k. fev.
\item 4, 3 non. fev.
\item 3, 2 id. fev.
\item 16, 14, 13, 12, 11, 9, 8, 7, 3 k. mart.
\item	 5, 3, 2 non. mart.
\item 8, 7, 4, 2 id. mart.
\item 14, 12, 11, 10, 9, 7, 6, 5, 2 k. mart.
\item  5, 3, 2 non. mart.
\item non. mart.
\item 8, 7, 4, 2 id. mart.
\item 14, 13, 12, 10, 9, 7, 6, 5, 2, k. apr.
\item 4. non. apr.
\item 8, 6, 4, 3, 2 id. apr.
\item 15, 14, 13, 12, 10, 9, 8, 7, 6, 4, 3 k. maii
\item k. maii.
\item 5, 4, 3, 2 non. maii.
\item non. maii. 
\item 8, 6, 5, 4, 2 id. maii.
\item 14, 13, 12, 10, 9, 8, 7, 6, 5, 4 k. iun   
\item 4, 2 non. iun.
\item 8, 7, 6 id. iun.
\item id. iun.
\item 18, 16, 14, 11, 7, 6 4 k. iul.
\item 5 non. iul.
\item 6, 5, 2 id. iul.
\item id. iul.
\item 16, 15, 13, 12, 4, 3 k. aug.
\item 19, 5, k. sept.
\item  k. sept.
\item 4 id. sept.
\item 4. k. oct.
\item 5, 4, 2 non. oct.
\item 7, 6, id. oct.
\item 17, 15, 12, 8, 3, 2 k. nov.
\item 4, 2 non. nov.
\item 8, 7, 6, 4, 2 id. nov.
\item 17, 16, 8, 7, 6, k. dec.
\item k. dec.
\item 3 non. dec.
\item non. dec.
\item 8, 5 id. dec
\item 18, 16, 14 k. ian.

\end{itemize}

Fêtes africaines d'apôtres ou de martyrs apostolique en Afrique § V p. LXXVI
\begin{itemize}
\item 3 non. jun. -> naissance de Thomas en Afrique
\item 5 kl. oct. -> Natal. Apost. Carthage : Simon cananei et iudae (Cod. Bern., certaines variante codex Epter., Codex Wissemb).
\item 8 id. jan. -> "fori iocundi petri marci"
\item 13 cal. Mars. -> "In Africa civitate Concordie
passio sanctorum Donati Secundianib Aquileia Crisentiani Eutici Concordiae Iustae et alibi Rumuli Saloni Salviani et aliorum XXXIIII quorum nomina Deus scit. et alibi Ianuari item Ianuarii Feliciani Donati Casti item Donati Victoris Agapae Donatae Guddinis Dativi Furtunionis Marcellae Quintiani Iuliae item Ianuari Criscenti Celestini Saturnini Cyptonis Felicitatis Donatiani Victuriae Emiliae Bassillae Saturi Ebasi Secundi Felicis Octaviani Faustiniae Albinae Venustinae Rogatianae Victoris \textit{Marci} Cetulae Rutuli Silvani Covili". 
\item 
\end{itemize}

},
	Date-Added = {2010-12-09 13:03:09 +0100},
	Date-Modified = {2011-04-21 16:34:15 +0200},
	Editor = {Duchesne, Louis and Jean-Baptiste de Rossi},
	Entrysubtype = {calendrier},
	Number = {Nov. II, 2},
	Publisher = {Société des Bollandistes},
	Read = {1},
	Series = {Acta Sanctorum},
	Sortname = {0},
	Title = {Martyrologe Hiéronymien},
	Usera = {1},
	Year = {1894}}

@article{Altaner1949,
	Author = {Berthold Altaner},
	Date-Added = {2010-12-08 11:26:31 +0100},
	Date-Modified = {2011-01-18 01:13:57 +0100},
	Entrysubtype = {outil},
	Journal = {Analecta Bollandiana},
	Pages = {236-248},
	Title = {Augustinus und die neutestamentlichen Apokryphen Sibyllinen und Sextussprüche. Eine quellenkritische Untersuchung},
	Volume = {67},
	Year = {1949}}

@bookinbook{BreveHippone,
	Crossref = {ConciliaAfricae},
	Date-Added = {2010-12-05 23:54:58 +0100},
	Date-Modified = {2011-04-25 23:37:49 +0200},
	Pages = {43},
	Title = {Breviarum Hipponenses},
	Titleaddon = {36},
	Usera = {1}}

@book{DeFideMan,
	Author = {{Évode d'Uzal}},
	Date-Added = {2010-12-05 23:51:45 +0100},
	Date-Modified = {2011-04-26 12:02:41 +0200},
	Editor = {Iosephus Zycha},
	Entrysubtype = {traite},
	Keywords = {traite, verifier pertinence},
	Number = {25.2},
	Read = {1},
	Series = {Corpus Scriptorum Ecclesiastorum Latinorum},
	Shortseries = {CSEL},
	Title = {De fide contra Manichaeos},
	Usera = {1}}

@book{DeSermMont,
	Annote = {Usage de l'évangile de Thomas chez les Manichéens},
	Author = {Augustin},
	Date-Added = {2010-12-05 23:50:15 +0100},
	Date-Modified = {2011-04-26 12:00:45 +0200},
	Editor = {Almut Mutzenbecher},
	Entrysubtype = {traite},
	Keywords = {manicheens, evangile thomas},
	Number = {35},
	Pages = {74-75},
	Read = {1},
	Series = {Corpus Christianorum Series Latina},
	Shortseries = {CCSL},
	Title = {De sermone Domini in Monte},
	Titleaddon = {I, \textsc{xx}, 65},
	Usera = {1}}

@book{DePraedsanct,
	Author = {Augustin},
	Bookpagination = {none},
	Date-Added = {2010-12-05 23:48:33 +0100},
	Date-Modified = {2011-01-18 14:28:50 +0100},
	Entrysubtype = {traite},
	Pages = {XIV},
	Title = {De praedestinatione sanctorum},
	Usera = {1}}

@book{DeDoctChrIIviii18-20,
	Annote = {daté de 396 par Bonnadière

parmis lequels celles qui ont eu le privilège de recevoir le siège des apôtres -> il faudrait savoir ce qu'il en est à Rome ....},
	Crossref = {DeDoctChr},
	Date-Added = {2010-12-05 23:43:06 +0100},
	Date-Modified = {2011-04-20 17:29:33 +0200},
	Pages = {150-155},
	Read = {1},
	Titleaddon = {II, \textsc{viii}, 12-13},
	Usera = {1}}

@book{ContraFaustum,
	Annote = {D'après Poirier contient évocation d'usage des Ac. Th. par Manich.},
	Author = {Augustin},
	Date-Added = {2010-12-05 23:40:59 +0100},
	Date-Modified = {2011-04-26 09:44:25 +0200},
	Editor = {Iosephus Zycha},
	Entrysubtype = {traite},
	Number = {25.1},
	Pages = {681},
	Series = {Corpus Scriptorum Ecclesiastorum Latinorum},
	Shortseries = {CSEL},
	Title = {Contra Faustum Manichaeum},
	Titleaddon = {XXII, 79},
	Usera = {1}}

@book{DeConEvang,
	Author = {Augustin},
	Date-Added = {2010-12-05 23:35:30 +0100},
	Date-Modified = {2011-01-18 14:01:14 +0100},
	Entrysubtype = {traite},
	Keywords = {verifier pertinence},
	Title = {De consenso evangelistarum},
	Usera = {1}}

@bookinbook{ContraAdim,
	Annote = {p. 321.},
	Author = {Augustin},
	Booktitle = {Six traités anti-manichéens},
	Date-Added = {2010-12-05 23:31:38 +0100},
	Date-Modified = {2011-04-26 12:00:13 +0200},
	Editor = {Régis Jolivet and Jourion, Maurice},
	Entrysubtype = {traite},
	Library = {Cd63/17 CADP : ZB6/AUG/2/17},
	Number = {17},
	Pages = {320-325},
	Read = {1},
	Shortseries = {BA},
	Title = {Contra Adimantum Manichaei Discipulum},
	Titleaddon = {XVII, 2},
	Translator = {Régis Jolivet and Jourion, Maurice},
	Usera = {1}}

@book{AugustinEpi0237,
	Author = {Augustin},
	Date-Added = {2010-12-05 23:30:40 +0100},
	Date-Modified = {2011-04-26 09:56:10 +0200},
	Editor = {Al. Goldbacher},
	Entrysubtype = {lettre},
	Number = {57},
	Pages = {526-532},
	Read = {1},
	Series = {Corpus Scriptorum Ecclesiastorum Latinorum},
	Shortseries = {CSEL},
	Sorttitle = {Lettre 237},
	Title = {Lettre 237},
	Usera = {1}}

@book{AugustinEpi0064,
	Annote = {http://www.abbaye-saint-benoit.ch/saints/augustin/lettres/s002/l064.htm},
	Author = {Augustin},
	Date-Added = {2010-12-05 23:28:51 +0100},
	Date-Modified = {2011-04-26 09:56:15 +0200},
	Editor = {Al. Goldbacher},
	Entrysubtype = {lettre},
	Number = {34},
	Pages = {230-231},
	Read = {1},
	Series = {Corpus Scriptorum Ecclesiastorum Latinorum},
	Shortseries = {CSEL},
	Sorttitle = {Lettre 064},
	Title = {Lettre 64},
	Titleaddon = {§ 3},
	Usera = {1}}

@book{PsAugustin0167,
	Annote = {aussi conu sous Ambroise de Milan.

notice 167

Marianum 25, 1963 60-62
discute sur cela.  L; Scheffzyck propose attribuer à Amborise Autpert (mort 784). 4 homéliaires qui 'en tiennent aux "Dictat Catholicorum atque orthodoxrum Patrum" qui n'admettent pas de texte récent. L'allure haut en couleur donnerait origine africaines


Eph. Lit. 60, 1946 II
FREDE 271

CPL 368

lire en détail pour savoir quel passage prendre

é},
	Author = {Pseudo-Augustin},
	Date-Added = {2010-12-05 23:19:09 +0100},
	Date-Modified = {2011-04-26 11:30:55 +0200},
	Entrysubtype = {sermon},
	Keywords = {annonciation},
	Number = {39},
	Pages = {2107-2110},
	Pagination = {column},
	Read = {1},
	Series = {Patrologia Latina},
	Shortseries = {PL},
	Title = {Sermon \incipit{Castissimum Mariae virginis uterum} (App. Augustin 195)},
	Usera = {1}}

@book{AugustinSermo315,
	Annote = {Sur Etienne},
	Author = {Augustin},
	Date-Added = {2010-12-05 23:13:01 +0100},
	Date-Modified = {2011-01-18 14:30:03 +0100},
	Entrysubtype = {sermon},
	Keywords = {verifier pertinence, Etienne},
	Title = {Sermon 315},
	Sorttitle={Sermon 0315},
	Usera = {1}}

@article{Vezin1993,
	Annote = {Epistolier pour la messe d'après Histoire du Christianisme t. 3 p. 1028

Cf Codex Slavonicus

A partir d'inscription latine chrétienne du Xe et XIème siècle, de Tripolitaine et de Kairouan,  Paul Albert Février soutient en 1967 une origine africaine.

Vezin soutient une origine Mozarabe venu s'installé à Kairouan. Contact entre chrétien de Kairouan et ceux d'Espagne.
Elias A. Lowe (Paelographical Papers, Oxford, 1972, p. 417-440, 520-574) fait rechercher origine en Palestine, même si caractère proche Espagne / Italie. Mais Claude Lepelley rappel pas de trace de communauté latinophone à Jérusalem avant Franque. Jerôme était isolé. Après Justinien, juriste cessent user latin, connaissance langue rare dans le monde oriental.

 Gribomont montre origine africaine de ce psautier
},
	Author = {Vezin, Jean},
	Date-Added = {2010-12-05 19:04:06 +0100},
	Date-Modified = {2011-01-18 01:18:31 +0100},
	Entrysubtype = {etude},
	Journal = {Bulletin de la société nationale des antiquaires de France},
	Keywords = {lu},
	Library = {Misha Zc 200},
	Pages = {347-349},
	Read = {1},
	Title = {À propos des manuscrits latins du Sinaï},
	Year = {1993}}

@article{Touati2007,
	Annote = {Augustin dans Traité sur Jean, XCVIII, 8 dénonce les \enquote{ fables } de ceux qui construisent à partir d'Epiphane (la thèse de Touati est minoritaire)},
	Author = {Touati, Charlotte},
	Date-Added = {2010-12-05 19:02:21 +0100},
	Date-Modified = {2011-01-18 01:18:26 +0100},
	Entrysubtype = {etude},
	Journal = {Apocrypha},
	Keywords = {lu},
	Pages = {167-204},
	Read = {1},
	Title = {Origène, Athanase, Augustin : vrais et faux témoins de l'apocalypse de Paul},
	Volume = {18},
	Year = {2007}}

@book{Talley1990,
	Address = {Paris},
	Author = {Talley, Thomas},
	Date-Added = {2010-12-05 18:58:35 +0100},
	Date-Modified = {2011-02-19 19:16:04 +0100},
	Entrysubtype = {etude},
	Keywords = {inutile,lu},
	Library = {J661/1 J589},
	Publisher = {Cerf},
	Read = {1},
	Title = {Les origines de l'année liturgique},
	Translator = {Davril, Anselme},
	Year = {1990}}

@book{Saxer1980,
	Address = {Paris},
	Annote = {p. 224 intéressant sur le terme de lecture public / lecture privé et sur le vocabulaire utilisé. N'utilise que les affirmations explicites d'Augustin.

p. 205-206 : sur la question de l'habitude d'entendre. Voir Sermon 304, 1. et surtout 302. 1. Si "tradition" Saxer juge que pas assuré.},
	Author = {Victor Saxer},
	Date-Added = {2010-12-05 18:55:52 +0100},
	Date-Modified = {2011-04-25 23:47:18 +0200},
	Entrysubtype = {etude},
	Library = {N805/55 : retour au 23 janvier},
	Publisher = {Beauchesne},
	Subtitle = {les témoignages de Tertullien, Cyprien et Augustin à la lumière de l'archéologie africaine},
	Title = {Morts, martyrs, reliques en Afrique chrétienne aux premier siècles},
	Year = {1980}}

@article{Rebell1996,
	Annote = {S'interesse à la pgramatique du texte, pas à son rôle théologique},
	Author = {Walter Rebell},
	Date-Added = {2010-12-05 18:53:57 +0100},
	Date-Modified = {2011-01-18 01:18:23 +0100},
	Entrysubtype = {etude},
	Journal = {Apocrypha},
	Keywords = {lu},
	Pages = {243-247},
	Read = {1},
	Title = {Les apocryphes - textes concurrentiels du Nouveau Testament},
	Volume = {7},
	Year = {1996}}

@mastersthesis{Rabeau1903,
	Address = {Paris},
	Annote = {Trouvé dans CLLA p. 52
Thèse de doctorat de la faculté libre de théologie de Paris.
},
	Author = {G. Rabeau},
	Date-Added = {2010-12-05 18:52:36 +0100},
	Date-Modified = {2011-01-18 01:13:44 +0100},
	Entrysubtype = {etude},
	Library = {BSG 8 TH 14436},
	School = {Faculté libre de théologie de Paris},
	Subtitle = {d'apèrs les inscriptions et les monumes figurés},
	Title = {Le cultes des saints dans l'Afrique chrétienne},
	Year = {1903}}

@article{Poirier1998,
	Annote = {Aug. dit que Manichéen recours acte Thomas (Aug. Cite un passage)
Poirier juge fait confiance à Aug. 1) connaissance personnelle des Manich. 2) connaît en chair et os

Cite un Psaume des errants -> retrouvé Fayoum-> quel usage ?

Cite des écrits espagnols sur les priscilliens
},
	Author = {Paul-Hubert Poirier},
	Date-Added = {2010-12-05 18:50:55 +0100},
	Date-Modified = {2011-02-24 18:17:54 +0100},
	Entrysubtype = {etude},
	Journal = {Apocrypha},
	Keywords = {lu},
	Pages = {263-290},
	Read = {1},
	Title = {Les actes de Thomas et le Manichéisme},
	Volume = {9},
	Year = {1998}}

@book{Pontet1944,
	Address = {Paris},
	Annote = {rien sur ce qui nous intéresse. Catholique},
	Author = {Maurice Pontet},
	Date-Added = {2010-12-05 18:49:23 +0100},
	Date-Modified = {2011-01-18 01:17:08 +0100},
	Entrysubtype = {etude},
	Keywords = {lu, verifier pertinence},
	Library = {Fk356 N640/7},
	Publisher = {Aubier},
	Read = {1},
	Series = {Théologie},
	Title = {L'exégèse de saint Augustin prédicateur},
	Volume = {7},
	Year = {1944}}

@inproceedings{Piovanelli2007,
	Address = {Lausanne},
	Annote = {

Marie mère de Jésus remplace peu à peu Madeleine. Concurrence originelle entre Madeleine et Pierre.

Le \enquote{ recyclage } objet de ce texte est littéraire, pas liturgique.
},
	Author = {Pierrluigui Piovanelli},
	Booktitle = {Poussières de christianisme et de judaïsme antiques. Études réunies en l'honneur de Jean-Daniel Kaestli et Éric Junod},
	Date-Added = {2010-12-05 18:43:03 +0100},
	Date-Modified = {2011-01-18 01:18:16 +0100},
	Editor = {Rémi Gounelle and Albert Frey},
	Entrysubtype = {etude},
	Keywords = {lu},
	Library = {Zh795 ou POB69},
	Publisher = {Zèbre},
	Read = {1},
	Title = {Le recyclage des textes apocryphes à l'heure de la petite \enquote{mondialisation} de l'Antiquité tardive (ca. 325-451). Quelques perspectives littéraires et historiques},
	Year = {2007}}

@article{Painchaud1997,
	Author = {Louis Painchaud and Timothy Janz and Sever Voicu},
	Date-Added = {2010-12-05 18:41:00 +0100},
	Date-Modified = {2011-01-18 01:19:12 +0100},
	Entrysubtype = {etude},
	Journal = {Apocrypha},
	Keywords = {inutile,lu},
	Pages = {45-70},
	Read = {1},
	Title = {La \enquote{génération sans roi} et la réécriture polémique de quelques textes de Nag Hammadi},
	Volume = {8},
	Year = {1997}}

@book{Ntedika1974,
	Address = {Louvain - Paris},
	Annote = {résumé des positions d'Augustin dans les sermons, d'après index :
- p. 204. Sermon 14, 3 > image repos
- p. 175, Serm. 57, 1 > le  monde ici n'est pas monde béatitude.
- p. 107-108, Serm. 56 > commentaire sur le Pater, liste pêché $\pm$ grave. Questions : efficacités prières morts. A voir ailleurs.
- p. 204 : Sermon 102, 2 >version \textit{requiescentem} de Lc 16, 23.
- p. 236 : sur l'alléluia
- p. 88 sermon 159 et al.: > l'Eglise ne prie pas pour les martyrs, mais se recommande à eux. Recommande les autres morts à son tour.
- p. 234 sermon 172 > on a droit de prier les morts, mais pas comme les autres
- p. 33, sermon 172 : c'est pour mort qu'on prie dans l'Eucharistie.
- p. 235, serm. 173 : sur l'espérance pour les morts. Reprend I Th 4, 13-18
- 98 sermon 173 > efficacité suffrage pour mort. 
- 177, sermon 173 > certains condamnés, d'autres vie éternelle
- p. 235, sermon 173 > réssurection de Lazare (Jn 11) > a creuser.
- p. 108 > Sermon 181 sur pêché grave
- p. 160 > Sermon 280 > sur la réssurection des corps et la joie de l'âme
- p. 67 > Sermon 284 > sur le dragon


Sur Monique.

-p. 55 "S'appuyant implicitement sur cette leçon devenue classique, Augustin laisse entendre que le Seigneur était seul à pouvoir se présenter devant Satan, les mains libres"
apocryphes :
- Actes de Jean (72, 85) p. 22 > atteste prière eucharistique pour les morts. 
- Actes de Paul et Thèle > prière mort en dehors de l'Église.
- Apocalpyse  Baruch > sur l'intercession des saints pour les hôtes de l'enfer
- transitus Mariae : sur activité démon dans mort et au dèla (p. 59)
- histoire de Joseph le charpentier : sur activité demon dans l'au dela.
- p. 57: on est frappé des // entre la prière d'Augustin pour sa mère (Confession IX, 13-55) "de sorte que l'on doit se demander si l'on ne doit pas admettre l'influence de cet apocryphe". p. 58 "le choix de ses citations bibliques est certainement dicté par une eschatologie et une démonologie analogue à celle que propose l'Apocalypse de Paul". > mouais, il faut que je relise tout cela, ne suis pas convaincu
- p. 221 : Apocalypse de Paul 27 > les saints innocents près du fleuve de lait. Il faudrait chercher dans les sermons concernant les saints innocents. Près du fleuve de vin : Abraham, Isaac, Jacob, Loth et Job.
a noter : Trac in Johanne 98, 8 > s'oppose à apocalypse de Paul
- p. 165 : compare a des antiennes liturgiques > ne nous intéresse pas.},
	Author = {Joseph Ntedika},
	Date-Added = {2010-12-05 18:38:09 +0100},
	Date-Modified = {2011-01-31 11:37:26 +0100},
	Entrysubtype = {etude},
	Library = {J540 perdu, Institut d'Étude Augustinienne 11806},
	Publisher = {Nauwealaerts},
	Series = {Recherches Africaines de Théologie},
	Subtitle = {étude de patristique et de liturgie latine},
	Title = {L'évocation de l'au-delà dans la prière pour les morts},
	Year = {1971}}

@article{Munier1979,
	Author = {Charles Munier},
	Date-Added = {2010-12-05 18:36:54 +0100},
	Date-Modified = {2011-01-18 01:19:08 +0100},
	Entrysubtype = {etude},
	Journal = {Revue de droit canonique},
	Keywords = {inutile,lu},
	Pages = {3-22},
	Read = {1},
	Title = {La tradition littéraire des dossiers africains},
	Volume = {29},
	Year = {1979}}

@article{Munier1975,
	Annote = {Porte sur la manière dont sont rédigé les canons},
	Author = {Charles Munier},
	Date-Added = {2010-12-05 18:35:34 +0100},
	Date-Modified = {2011-01-18 01:18:57 +0100},
	Entrysubtype = {etude},
	Journal = {Recherches Augustiniennes},
	Keywords = {inutile,lu},
	Pages = {3-22},
	Read = {1},
	Title = {La tradition littéraire des canons africains, 345-525},
	Volume = {10},
	Year = {1975}}

@article{Munier1972,
	Author = {Charles Munier},
	Date-Added = {2010-12-05 18:33:57 +0100},
	Date-Modified = {2011-02-24 15:27:54 +0100},
	Entrysubtype = {etude},
	Journal = {Sacris erudiri. Jaarboek voor Godsdienstwetenschappen},
	Pages = {43-55},
	Title = {La tradition manuscrite de l'abrégé d'Hippone et le canon des Écritures des églises africaines},
	Volume = {21},
	Year = {1972-1973}}

@article{Munier1968,
	Author = {Charles Munier},
	Date-Added = {2010-12-05 18:32:43 +0100},
	Date-Modified = {2011-01-18 01:13:29 +0100},
	Entrysubtype = {etude},
	Journal = {Revue de droit canonique},
	Pages = {16-29},
	Title = {Cinq canons inédits du concile d'Hippone du 8 octobre 393},
	Volume = {17},
	Year = {1968}}


@inproceedings{Decret1970,
	Address = {Paris},
	Author = {Decret, François},
	Booktitle = {Aspects du manichéisme dans l'Afrique romaine},
	Date-Added = {2010-12-05 18:22:27 +0100},
	Date-Modified = {2011-04-18 16:40:28 +0200},
	Entrysubtype = {etude},
	Library = {Institut d'Étude Augustinienne Usuel M ANT 41},
	Number = {41},
	Pages = {93-182},
	Publisher = {Études Augustiniennes},
	Series = {Collection des études augustiniennes. Série Antiquité},
	Title = {Les questions scripturaires},
	Year = {1970}}

@article{Lambot1949,
	Annote = {Allusion parfois d'Augustin au \textit{Gesta Martyrum}

N'écrivais pas ses discours, se sont prises de notes d'auditeurs. Environ 80 sermons de Martyrs. Traductions manuscrites complexes. Une dizaine seulement de collecion de sermons semblent avoir une origine Afric. 

Contient une liste de toutes les collections de sermons d'origine africaine. Puis ensuite une calendrier des martyrs dont les noms sont chez Augustin (p. 258-266).

Voyons ce qui nous intéresse, à savoir jusqu'à l'époque apostolique, ou inconnu : 
- Sermon 273 "qui se référe aux actes" (BHL. 3196) -> \textit{Bibliotheca hagiographica latina antiquae et mediae aetatis}. 21 janvier
- Pierre et Paulus : Possidius X\up{6}. 158. 182, sermons 295-299, 381, \textit{Bibl. Casin.} I, 133, Mai 19, Morin Guelf. 23, 24
- Sermons 37 -> BHL 7532, allusion aux actes. Revu. Bénéd. t. L (1938).
- Sermon 300-301 Denis 17 -> Maccabée
- Stéphane/etienne 26 décembre Sermon 314-316, 318, (317 ? arrivé des reliques d'après les Mauriste), 318 construction basilique, 319  (Rev. Béné, 1947, t.52, p. 105-106),anniversaire, 320-324 : miracles opérés par martyrs
},
	Author = {Cyrille dom Lambot},
	Date-Added = {2010-12-05 18:08:03 +0100},
	Date-Modified = {2011-01-18 01:17:17 +0100},
	Entrysubtype = {etude},
	Journal = {Analecta Bollandiana},
	Keywords = {lu, a_relire},
	Pages = {249-266},
	Read = {1},
	Title = {Les sermons de Saint Augustin pour les fêtes des martyrs},
	Volume = {67},
	Year = {1949}}

@inbook{Junod1982mani,
	Crossref = {Junod1982},
	Date-Added = {2010-12-05 18:06:37 +0100},
	Date-Modified = {2011-04-25 23:57:48 +0200},
	Keywords = {lu},
	Pages = {49-86},
	Publisher = {Revue de théologie et de philosophie},
	Read = {1},
	Title = {Les actes de Jean chez les Manichéens et leurs adversaires}}



@inproceedings{Gazzola2009,
	Address = {Paris},
	Annote = {rien sur la période qui nous intéresse. Décret Gélasien -> entraine pendant longtemps une occultation en occident de la fete de la présentation de Marie au temple ;},
	Author = {Isaia-Claudio Gazzola},
	Booktitle = {Les apocryphes chrétiens chrétiens des premiers siècles : mémoire et traditions},
	Date-Added = {2010-12-05 17:54:40 +0100},
	Date-Modified = {2011-04-26 13:51:30 +0200},
	Editor = {François-Marie Human and Jacque-Noël Pérès},
	Entrysubtype = {etude},
	Keywords = {discutable,lu},
	Library = {POB68},
	Pages = {63-89},
	Publisher = {Desclée de Brouwer},
	Read = {1},
	Title = {La présentation de Marie au Temple : lorsque la liturgie devient lieu de transmission d'une tradition apocryphe},
	Userb = {1},
	Year = {2009}}

@book{Mimouni1995,
	Address = {Paris},
	Annote = {Liste les différentes traditions littéraires à ce sujet (latines -> 255-296) mais pas de liurgie latine
},
	Author = {Simon Claude Mimouni},
	Date-Added = {2010-12-05 17:54:13 +0100},
	Date-Modified = {2011-01-18 01:18:48 +0100},
	Entrysubtype = {etude},
	Keywords = {inutile,lu},
	Library = {ZD3/110 N805/98},
	Publisher = {Beauchesne},
	Read = {1},
	Subtitle = {histoire des traditions anciennes},
	Title = {Dormition et Assomption de Marie},
	Year = {1995}}

@article{Gaffier1954,
	Annote = {Pas grand chose, mais une référence

Place d'honneur accordé aux martyrs dans célé-> texte ont échappés a destruction

il faut que je relise},
	Author = {Baudouin de Gaffier},
	Date-Added = {2010-12-05 17:51:05 +0100},
	Date-Modified = {2011-04-14 19:05:18 +0200},
	Entrysubtype = {etude},
	Journal = {Analecta Bollandiana},
	Keywords = {lu, a relire},
	Pages = {134-166},
	Read = {1},
	Title = {La lecture des actes des martyrs dans la prière liturgique en occident},
	Volume = {72},
	Year = {1954}}

@book{Fugier1963,
	Address = {Paris},
	Author = {Huguette Fugier},
	Date-Added = {2010-12-05 17:49:18 +0100},
	Date-Modified = {2011-01-18 01:18:45 +0100},
	Entrysubtype = {etude},
	Keywords = {inutile,lu},
	Library = {J379},
	Publisher = {Belles Lettres},
	Read = {1},
	Title = {Recheche sur l'expression du sacré dans la langue latine},
	Year = {1963}}

@article{Fischer1964,
	Annote = {Epistolier Afriacin
},
	Author = {Boniface dom Fischer},
	Date-Added = {2010-12-05 17:40:41 +0100},
	Date-Modified = {2011-01-18 01:20:32 +0100},
	Entrysubtype = {etude},
	Journal = {Revue bénédictine},
	Library = {B138},
	Pages = {284-297},
	Title = {Zur liturgie der lateinischen Handschriften vom Sinai},
	Volume = {74},
	Year = {1964}}



@article{Duchesne1885,
	Abstract = {Trouver plus récent ?},
	Author = {Louis Duchesne},
	Date-Added = {2010-12-05 17:36:18 +0100},
	Date-Modified = {2011-02-20 21:18:01 +0100},
	Entrysubtype = {etude},
	Journal = {Mélanges d'archéologie et d'histoire},
	Pages = {85-98},
	Title = {Les sources du martyrologe hiéronymien},
	Volume = {5},
	Year = {1885}}

@article{Dubois1992,
	Annote = {Parle pas de l'Afrique. Cite Eusèbe et Epiphane sur les quartodécimans ainsi que l'homélie 0 sur Pâques.},
	Author = {Jean-Daniel Dubois},
	Date-Added = {2010-12-05 17:34:51 +0100},
	Date-Modified = {2011-01-18 01:18:34 +0100},
	Entrysubtype = {etude},
	Journal = {Apocrypha},
	Keywords = {inutile,lu},
	Pages = {85-98},
	Read = {1},
	Title = {Les \enquote{Actes de Pilate} au quatrième siècle},
	Volume = {2},
	Year = {1992}}

@book{Dolbeau2005,
	Address = {Paris},
	Annote = {Receuil d'articles},
	Author = {François Dolbeau},
	Date-Added = {2010-12-05 17:30:09 +0100},
	Date-Modified = {2011-01-18 01:17:34 +0100},
	Entrysubtype = {etude},
	Keywords = {lu},
	Publisher = {Institut d'Études Augustiniennes},
	Read = {1},
	Subtitle = {recherches sur divers sermons authentiques, apocryphes ou 0s},
	Title = {Augustin et la prédication en Afrique},
	Year = {2005}}

@book{Delehaye1927,
	Address = {Bruxelles},
	Author = {Hippolyte Delehaye},
	Date-Added = {2010-12-05 17:24:06 +0100},
	Date-Modified = {2011-04-18 16:41:27 +0200},
	Entrysubtype = {etude},
	Library = {B537 / 17 FK241},
	Number = {17},
	Publisher = {Société des Bollandistes},
	Series = {Subsidia Hagiographicia},
	Title = {Essai sur le culte des saints dans l'antiquité},
	Year = {1927}}

@article{Delehaye1936,
	Annote = {Pas de personnage \enquote{ biblique } (rapide survol)},
	Author = {Hippolyte Delehaye},
	Date-Added = {2010-12-05 17:21:49 +0100},
	Date-Modified = {2011-01-18 01:17:30 +0100},
	Entrysubtype = {etude},
	Journal = {Analecta Bollandiana},
	Keywords = {lu},
	Pages = {265-313},
	Read = {1},
	Title = {Contribution récentes à l'hagiographie de Rome et d'Afrique},
	Volume = {54},
	Year = {1936}}

@article{Cross1961,
	Author = {F. Cross},
	Date-Added = {2010-12-05 17:17:38 +0100},
	Date-Modified = {2011-01-18 01:20:12 +0100},
	Entrysubtype = {etude},
	Journal = {The Journal of Theological Studies},
	Library = {B190},
	Pages = {222-247},
	Title = {History and fiction in the African Canons},
	Volume = {12},
	Year = {1961}}

@article{Beyer2005,
	Annote = {Le sermon 195 du Ps. Aug. (6ème s. Afr.) pour fête de l'annonciation est dans la généalogie (p. 103) du texte étudié par auteur. 

Question A-t-il lui même un contenu apocryphe ? Peut-on le rattacher à un contenu apocryphe antérieur ?

Sinon le reste de l'article concerne un texte postérieur
},
	Author = {Beyer Rita},
	Date-Added = {2010-12-05 17:15:02 +0100},
	Date-Modified = {2011-01-18 01:17:27 +0100},
	Entrysubtype = {etude},
	Journal = {Apocrypha},
	Keywords = {lu},
	Pages = {97-135},
	Read = {1},
	Title = {A propos de la compilation latine de l'Enfance},
	Volume = {16},
	Year = {2005}}

@article{Amsler1997,
	Annote = {Origine Phrygienne IV-Vième s. encratite mais composite donc des morceaux qui ne le sont pas

Le texte des actes donne des indices en faveur d'une coïncidence calendrier de Philocalus (culte de Cybèle en Orient) et Martyrologue Hiéronymien et Actes. Question : la \enquote{ partie africaine } du Mart. Hier. Mentionne-t-elle les mêmes dates ?

Pseudo-Anastase le Sinaïte : exclusion de 40 jours du paradis -> justification jeûne avant Noël. \textbf{Question 1}) jeûne fait-il partie liturgie (oui amha) \textbf{2}) A-t-on ce genre de justification dans des textes africains de la période qui m'intéresse.

1) 22 avril et 1er mai en Phrygie
2) 8 mai dans un témoins fin 8ème siècle pour l'Afrique.

Donc si on suit thèse de l'Auteur, ce serait pour remplacer culte de Cybéle, dans un festival de fête autour de mai.},
	Author = {Amsler, Frédéric},
	Date-Modified = {2011-03-19 17:08:57 +0100},
	Entrysubtype = {etude},
	Journal = {Apocrypha},
	Keywords = {lu},
	Pages = {251-264},
	Read = {1},
	Title = {Remarques sur la réception liturgique et folklorique des Actes de Philippe (APh VIII-XV et Martyre)},
	Userb = {1},
	Volume = {8},
	Year = {1997}}

@comment{BibDesk Smart Groups{
<?xml version="1.0" encoding="UTF-8"?>
<!DOCTYPE plist PUBLIC "-//Apple//DTD PLIST 1.0//EN" "http://www.apple.com/DTDs/PropertyList-1.0.dtd">
<plist version="1.0">
<array>
	<dict>
		<key>conditions</key>
		<array>
			<dict>
				<key>comparison</key>
				<integer>2</integer>
				<key>key</key>
				<string>Sortname</string>
				<key>value</key>
				<string>0</string>
				<key>version</key>
				<string>1</string>
			</dict>
		</array>
		<key>conjunction</key>
		<integer>0</integer>
		<key>group name</key>
		<string>0</string>
	</dict>
	<dict>
		<key>conditions</key>
		<array>
			<dict>
				<key>comparison</key>
				<integer>4</integer>
				<key>key</key>
				<string>Author</string>
				<key>value</key>
				<string></string>
				<key>version</key>
				<string>1</string>
			</dict>
			<dict>
				<key>comparison</key>
				<integer>3</integer>
				<key>key</key>
				<string>Sortname</string>
				<key>value</key>
				<string>0</string>
				<key>version</key>
				<string>1</string>
			</dict>
		</array>
		<key>conjunction</key>
		<integer>0</integer>
		<key>group name</key>
		<string>0 sans sortname</string>
	</dict>
	<dict>
		<key>conditions</key>
		<array>
			<dict>
				<key>comparison</key>
				<integer>4</integer>
				<key>key</key>
				<string>Author</string>
				<key>value</key>
				<string>Augustin</string>
				<key>version</key>
				<string>1</string>
			</dict>
		</array>
		<key>conjunction</key>
		<integer>0</integer>
		<key>group name</key>
		<string>Augusti</string>
	</dict>
	<dict>
		<key>conditions</key>
		<array>
			<dict>
				<key>comparison</key>
				<integer>3</integer>
				<key>key</key>
				<string>Keywords</string>
				<key>value</key>
				<string>source</string>
				<key>version</key>
				<string>1</string>
			</dict>
			<dict>
				<key>comparison</key>
				<integer>5</integer>
				<key>key</key>
				<string>Entrysubtype</string>
				<key>value</key>
				<string></string>
				<key>version</key>
				<string>1</string>
			</dict>
		</array>
		<key>conjunction</key>
		<integer>0</integer>
		<key>group name</key>
		<string>categorisé sans être sourcé</string>
	</dict>
	<dict>
		<key>conditions</key>
		<array>
			<dict>
				<key>comparison</key>
				<integer>5</integer>
				<key>key</key>
				<string>Annote</string>
				<key>value</key>
				<string></string>
				<key>version</key>
				<string>1</string>
			</dict>
		</array>
		<key>conjunction</key>
		<integer>0</integer>
		<key>group name</key>
		<string>Commentés</string>
	</dict>
	<dict>
		<key>conditions</key>
		<array>
			<dict>
				<key>comparison</key>
				<integer>2</integer>
				<key>key</key>
				<string>Series</string>
				<key>value</key>
				<string>Corpus Christianorum</string>
				<key>version</key>
				<string>1</string>
			</dict>
		</array>
		<key>conjunction</key>
		<integer>0</integer>
		<key>group name</key>
		<string>Corpus Christianorum</string>
	</dict>
	<dict>
		<key>conditions</key>
		<array>
			<dict>
				<key>comparison</key>
				<integer>4</integer>
				<key>key</key>
				<string>Read</string>
				<key>value</key>
				<string>1</string>
				<key>version</key>
				<string>1</string>
			</dict>
		</array>
		<key>conjunction</key>
		<integer>0</integer>
		<key>group name</key>
		<string>Lu</string>
	</dict>
	<dict>
		<key>conditions</key>
		<array>
			<dict>
				<key>comparison</key>
				<integer>2</integer>
				<key>key</key>
				<string>Library</string>
				<key>value</key>
				<string>Paris</string>
				<key>version</key>
				<string>1</string>
			</dict>
			<dict>
				<key>comparison</key>
				<integer>2</integer>
				<key>key</key>
				<string>Library</string>
				<key>value</key>
				<string>Sainte</string>
				<key>version</key>
				<string>1</string>
			</dict>
			<dict>
				<key>comparison</key>
				<integer>2</integer>
				<key>key</key>
				<string>Library</string>
				<key>value</key>
				<string>Sorbonne</string>
				<key>version</key>
				<string>1</string>
			</dict>
			<dict>
				<key>comparison</key>
				<integer>2</integer>
				<key>key</key>
				<string>Library</string>
				<key>value</key>
				<string>Institut</string>
				<key>version</key>
				<string>1</string>
			</dict>
			<dict>
				<key>comparison</key>
				<integer>2</integer>
				<key>key</key>
				<string>Library</string>
				<key>value</key>
				<string>IEA</string>
				<key>version</key>
				<string>1</string>
			</dict>
		</array>
		<key>conjunction</key>
		<integer>1</integer>
		<key>group name</key>
		<string>Paris</string>
	</dict>
	<dict>
		<key>conditions</key>
		<array>
			<dict>
				<key>comparison</key>
				<integer>4</integer>
				<key>key</key>
				<string>Read</string>
				<key>value</key>
				<string>0</string>
				<key>version</key>
				<string>1</string>
			</dict>
		</array>
		<key>conjunction</key>
		<integer>0</integer>
		<key>group name</key>
		<string>Pas lu</string>
	</dict>
	<dict>
		<key>conditions</key>
		<array>
			<dict>
				<key>comparison</key>
				<integer>4</integer>
				<key>key</key>
				<string>Usera</string>
				<key>value</key>
				<string>1</string>
				<key>version</key>
				<string>1</string>
			</dict>
			<dict>
				<key>comparison</key>
				<integer>3</integer>
				<key>key</key>
				<string>Entrysubtype</string>
				<key>value</key>
				<string>apocryphes</string>
				<key>version</key>
				<string>1</string>
			</dict>
			<dict>
				<key>comparison</key>
				<integer>3</integer>
				<key>key</key>
				<string>Entrysubtype</string>
				<key>value</key>
				<string>autre</string>
				<key>version</key>
				<string>1</string>
			</dict>
			<dict>
				<key>comparison</key>
				<integer>3</integer>
				<key>key</key>
				<string>Entrysubtype</string>
				<key>value</key>
				<string>concile</string>
				<key>version</key>
				<string>1</string>
			</dict>
			<dict>
				<key>comparison</key>
				<integer>3</integer>
				<key>key</key>
				<string>Entrysubtype</string>
				<key>value</key>
				<string>lettre</string>
				<key>version</key>
				<string>1</string>
			</dict>
			<dict>
				<key>comparison</key>
				<integer>3</integer>
				<key>key</key>
				<string>Entrysubtype</string>
				<key>value</key>
				<string>sermon</string>
				<key>version</key>
				<string>1</string>
			</dict>
			<dict>
				<key>comparison</key>
				<integer>3</integer>
				<key>key</key>
				<string>Entrysubtype</string>
				<key>value</key>
				<string>traite</string>
				<key>version</key>
				<string>1</string>
			</dict>
			<dict>
				<key>comparison</key>
				<integer>3</integer>
				<key>key</key>
				<string>Entrysubtype</string>
				<key>value</key>
				<string>calendrier</string>
				<key>version</key>
				<string>1</string>
			</dict>
		</array>
		<key>conjunction</key>
		<integer>0</integer>
		<key>group name</key>
		<string>primaire mal categorise</string>
	</dict>
	<dict>
		<key>conditions</key>
		<array>
			<dict>
				<key>comparison</key>
				<integer>2</integer>
				<key>key</key>
				<string>Author</string>
				<key>value</key>
				<string>Pseudo-Augustin</string>
				<key>version</key>
				<string>1</string>
			</dict>
		</array>
		<key>conjunction</key>
		<integer>0</integer>
		<key>group name</key>
		<string>Pseudo-Augustin</string>
	</dict>
	<dict>
		<key>conditions</key>
		<array>
			<dict>
				<key>comparison</key>
				<integer>4</integer>
				<key>key</key>
				<string>Usera</string>
				<key>value</key>
				<string>0</string>
				<key>version</key>
				<string>1</string>
			</dict>
		</array>
		<key>conjunction</key>
		<integer>0</integer>
		<key>group name</key>
		<string>Secondaire</string>
	</dict>
	<dict>
		<key>conditions</key>
		<array>
			<dict>
				<key>comparison</key>
				<integer>4</integer>
				<key>key</key>
				<string>Entrysubtype</string>
				<key>value</key>
				<string></string>
				<key>version</key>
				<string>1</string>
			</dict>
			<dict>
				<key>comparison</key>
				<integer>4</integer>
				<key>key</key>
				<string>Usera</string>
				<key>value</key>
				<string>0</string>
				<key>version</key>
				<string>1</string>
			</dict>
		</array>
		<key>conjunction</key>
		<integer>0</integer>
		<key>group name</key>
		<string>secondaire non categorisé</string>
	</dict>
	<dict>
		<key>conditions</key>
		<array>
			<dict>
				<key>comparison</key>
				<integer>3</integer>
				<key>key</key>
				<string>Entrysubtype</string>
				<key>value</key>
				<string>etude</string>
				<key>version</key>
				<string>1</string>
			</dict>
			<dict>
				<key>comparison</key>
				<integer>3</integer>
				<key>key</key>
				<string>Entrysubtype</string>
				<key>value</key>
				<string>outil</string>
				<key>version</key>
				<string>1</string>
			</dict>
			<dict>
				<key>comparison</key>
				<integer>4</integer>
				<key>key</key>
				<string>Usera</string>
				<key>value</key>
				<string>0</string>
				<key>version</key>
				<string>1</string>
			</dict>
		</array>
		<key>conjunction</key>
		<integer>0</integer>
		<key>group name</key>
		<string>secondaires mal categorise</string>
	</dict>
	<dict>
		<key>conditions</key>
		<array>
			<dict>
				<key>comparison</key>
				<integer>4</integer>
				<key>key</key>
				<string>Shortseries</string>
				<key>value</key>
				<string></string>
				<key>version</key>
				<string>1</string>
			</dict>
			<dict>
				<key>comparison</key>
				<integer>5</integer>
				<key>key</key>
				<string>Series</string>
				<key>value</key>
				<string></string>
				<key>version</key>
				<string>1</string>
			</dict>
		</array>
		<key>conjunction</key>
		<integer>0</integer>
		<key>group name</key>
		<string>Series pas raccourcis</string>
	</dict>
	<dict>
		<key>conditions</key>
		<array>
			<dict>
				<key>comparison</key>
				<integer>5</integer>
				<key>key</key>
				<string>Shortseries</string>
				<key>value</key>
				<string></string>
				<key>version</key>
				<string>1</string>
			</dict>
		</array>
		<key>conjunction</key>
		<integer>0</integer>
		<key>group name</key>
		<string>Shortseries</string>
	</dict>
	<dict>
		<key>conditions</key>
		<array>
			<dict>
				<key>comparison</key>
				<integer>4</integer>
				<key>key</key>
				<string>Usera</string>
				<key>value</key>
				<string>1</string>
				<key>version</key>
				<string>1</string>
			</dict>
		</array>
		<key>conjunction</key>
		<integer>0</integer>
		<key>group name</key>
		<string>source</string>
	</dict>
	<dict>
		<key>conditions</key>
		<array>
			<dict>
				<key>comparison</key>
				<integer>4</integer>
				<key>key</key>
				<string>Read</string>
				<key>value</key>
				<string>0</string>
				<key>version</key>
				<string>1</string>
			</dict>
			<dict>
				<key>comparison</key>
				<integer>4</integer>
				<key>key</key>
				<string>Usera</string>
				<key>value</key>
				<string>1</string>
				<key>version</key>
				<string>1</string>
			</dict>
		</array>
		<key>conjunction</key>
		<integer>0</integer>
		<key>group name</key>
		<string>Source copiées</string>
	</dict>
	<dict>
		<key>conditions</key>
		<array>
			<dict>
				<key>comparison</key>
				<integer>4</integer>
				<key>key</key>
				<string>Usera</string>
				<key>value</key>
				<string>1</string>
				<key>version</key>
				<string>1</string>
			</dict>
			<dict>
				<key>comparison</key>
				<integer>4</integer>
				<key>key</key>
				<string>Entrysubtype</string>
				<key>value</key>
				<string></string>
				<key>version</key>
				<string>1</string>
			</dict>
		</array>
		<key>conjunction</key>
		<integer>0</integer>
		<key>group name</key>
		<string>source non catégorisés</string>
	</dict>
	<dict>
		<key>conditions</key>
		<array>
			<dict>
				<key>comparison</key>
				<integer>4</integer>
				<key>key</key>
				<string>Usera</string>
				<key>value</key>
				<string>1</string>
				<key>version</key>
				<string>1</string>
			</dict>
			<dict>
				<key>comparison</key>
				<integer>4</integer>
				<key>key</key>
				<string>Pagination</string>
				<key>value</key>
				<string></string>
				<key>version</key>
				<string>1</string>
			</dict>
		</array>
		<key>conjunction</key>
		<integer>0</integer>
		<key>group name</key>
		<string>source pagination vide</string>
	</dict>
	<dict>
		<key>conditions</key>
		<array>
			<dict>
				<key>comparison</key>
				<integer>4</integer>
				<key>key</key>
				<string>Read</string>
				<key>value</key>
				<string>0</string>
				<key>version</key>
				<string>1</string>
			</dict>
			<dict>
				<key>comparison</key>
				<integer>4</integer>
				<key>key</key>
				<string>Usera</string>
				<key>value</key>
				<string>1</string>
				<key>version</key>
				<string>1</string>
			</dict>
		</array>
		<key>conjunction</key>
		<integer>0</integer>
		<key>group name</key>
		<string>Sources non copiées</string>
	</dict>
</array>
</plist>
}}
