@book{DoctrineChretienneDivision,
	Author = {Augustin},
	Date-Added = {2011-06-01 22:01:47 +0200},
	Date-Modified = {2011-06-01 22:03:19 +0200},
	Title = {De doctrina christiana},
	Titleaddon = {II, \textsc{viii}, 12-13}}
@bookinbook{BreveHippone,
	Crossref = {ConciliaAfricae},
	Date-Added = {2010-12-05 23:54:58 +0100},
	Date-Modified = {2011-04-25 23:37:49 +0200},
	Pages = {43},
	Title = {Breviarum Hipponenses},
	Titleaddon = {36},
	Usera = {1}}