%% This BibTeX bibliography file was created using BibDesk.
%% http://bibdesk.sourceforge.net/


%% Created for Ma√Øeul at 2011-06-03 16:40:02 +0200 


%% Saved with string encoding Unicode (UTF-8) 



@inbook{biblatex_style,
	Chapter = {Citation Styles},
	Crossref = {biblatex},
	Date-Added = {2011-06-03 16:22:34 +0200},
	Date-Modified = {2011-06-03 16:40:02 +0200}}

@manual{biblatex,
	Author = {Philipp Lehman},
	Date-Added = {2011-06-03 16:21:49 +0200},
	Date-Modified = {2011-06-03 16:22:19 +0200},
	Title = {The biblatex Package}}
